@Article{matplotlib,
  Author    = {Hunter, J. D.},
  Title     = {Matplotlib: A {2D} graphics environment},
  Journal   = {Computing In Science \& Engineering},
  Volume    = {9},
  Number    = {3},
  Pages     = {90--95},
  publisher = {IEEE COMPUTER SOC},
  doi       = {10.1109/MCSE.2007.55},
  year      = 2007
}

@article{Yule1925,
    author = {Yule, George Udny},
    year = {1925},
    title = {A mathematical theory of evolution, based on the conclusions of {D}r.\ {J}.\ {C}.\ {W}illis, {F.R.S}},
    journal = {Philosphical Transactions of the Royal Society B},
    volume = {213},
    pages = {21--87},
    doi = {10.1098/rstb.1925.0002},
    url = {https://doi.org/10.1098/rstb.1925.0002}
}

@article{Brooks1998,
    author = {Brooks, Stephen P. and Gelman, Andrew},
    year = {1998},
    title = {General Methods for Monitoring Convergence of Iterative
        Simulations},
    journal = {Journal of Computational and Graphical Statistics},
    volume = {7},
    number = {4},
    pages = {434--455}
}

@article{Gong2014,
author = {Gong, Lei and Flegal, James M.},
title = {A Practical Sequential Stopping Rule for High-Dimensional {M}arkov Chain {M}onte {C}arlo},
journal = {Journal of Computational and Graphical Statistics},
volume = {25},
number = {3},
pages = {684--700},
year  = {2016},
doi = {10.1080/10618600.2015.1044092},
URL = {https://doi.org/10.1080/10618600.2015.1044092},
}

@article{huang2016unforeseen,
  title={Unforeseen Consequences of Excluding Missing Data from Next-Generation Sequences: Simulation Study of RAD Sequences}, 
  author={Huang, Huateng and Knowles, L Lacey},
  journal={Systematic biology},
  volume={65},
  number={3},
  pages={357--365},
  year={2016},
  publisher={Oxford University Press}
}

@article{wangEvolutionHybridIncompatibilities2013,
  title = {The {{Evolution}} of {{Hybrid Incompatibilities Along}} a {{Phylogeny}}},
  volume = {67},
  copyright = {\textcopyright{} 2013 The Author(s). Evolution \textcopyright{} 2013 The Society for the Study of Evolution.},
  issn = {1558-5646},
  language = {english},
  number = {10},
  journal = {Evolution},
  doi = {10.1111/evo.12173},
  author = {Wang, Richard J. and An{\'e}, C{\'e}cile and Payseur, Bret A.},
  year = {2013},
  keywords = {Dobzhanskyâ€“Muller incompatibilities,phylogenetic comparison,reproductive isolation,speciation},
  pages = {2905-2922}
}

@article{orrPopulationGeneticsSpeciation,
  title = {The {{Population Genetics}} of {{Speciation}}: {{The Evolution}} of {{Hybrid Incompatibilities}}},
  language = {english},
  author = {Orr, H Allen},
  pages = {9}
}

@article{ewingMSMSCoalescentSimulation2010,
  title = {{{MSMS}}: A Coalescent Simulation Program Including Recombination, Demographic Structure and Selection at a Single Locus},
  volume = {26},
  issn = {1460-2059, 1367-4803},
  shorttitle = {{{MSMS}}},
  language = {english},
  number = {16},
  journal = {Bioinformatics},
  doi = {10.1093/bioinformatics/btq322},
  author = {Ewing, Gregory and Hermisson, Joachim},
  month = aug,
  year = {2010},
  pages = {2064-2065}
}

@article{harveyReproductiveIsolationDemographic2019,
  title = {Beyond {{Reproductive Isolation}}: {{Demographic Controls}} on the {{Speciation Process}}},
  volume = {50},
  issn = {1543-592X, 1545-2069},
  shorttitle = {Beyond {{Reproductive Isolation}}},
  language = {english},
  number = {1},
  journal = {Annual Review of Ecology, Evolution, and Systematics},
  doi = {10.1146/annurev-ecolsys-110218-024701},
  author = {Harvey, Michael G. and Singhal, Sonal and Rabosky, Daniel L.},
  month = nov,
  year = {2019}
}

@article{protzelSmallestTrueChameleon2018,
  title = {The Smallest `True Chameleon' from {{Madagascar}}: A New, Distinctly Colored Species of the {{Calumma}} Boettgeri Complex ({{Squamata}}, {{Chamaeleonidae}})},
  volume = {94},
  issn = {1860-0743, 1435-1935},
  shorttitle = {The Smallest `True Chameleon' from {{Madagascar}}},
  language = {english},
  number = {2},
  journal = {Zoosystematics and Evolution},
  doi = {10.3897/zse.94.27305},
  author = {Pr{\"o}tzel, David and Lambert, Shea M. and Andrianasolo, Ginah Tsiorisoa and Hutter, Carl R. and Cobb, Kerry A. and Scherz, Mark D. and Glaw, Frank},
  month = oct,
  year = {2018},
  keywords = {Calumma nasutum group,Calumma roaloko sp. n.,Integrative taxonomy,Micro-computed tomography,Osteology},
  pages = {409-423}
}

@article{silerTaxonomicRevisionSemiaquatic2014,
  title = {Taxonomic Revision of the Semi-Aquatic Skink {{Parvoscincus}} Leucospilos ({{Reptilia}}: {{Squamata}}: {{Scincidae}}), with Description of Three New Species},
  volume = {3847},
  issn = {1175-5334, 1175-5326},
  shorttitle = {Taxonomic Revision of the Semi-Aquatic Skink {{Parvoscincus}} Leucospilos ({{Reptilia}}},
  language = {english},
  number = {3},
  journal = {Zootaxa},
  doi = {10.11646/zootaxa.3847.3.4},
  author = {Siler, Cameron D. and Linkem, Charles W. and Cobb, Kerry and Watters, Jessa L. and Cummings, Sean T. and Diesmos, Arvin C. and Brown, Rafe M.},
  month = aug,
  year = {2014},
  keywords = {Biodiversity,Conservation,Cryptic diversity,Endemism,Lizard,Luzon Island,Riparian,Southeast Asia,Sphenomorphus group},
  pages = {388}
}

@article{silerCriticallyEndangeredIsland2014,
  title = {Critically Endangered Island Endemic or Peripheral Population of a Widespread Species? {{Conservation}} Genetics of {{Kikuchi}}'s Gecko and the Global Challenge of Protecting Peripheral Oceanic Island Endemic Vertebrates},
  volume = {20},
  issn = {13669516},
  shorttitle = {Critically Endangered Island Endemic or Peripheral Population of a Widespread Species?},
  language = {english},
  number = {7},
  journal = {Diversity and Distributions},
  doi = {10.1111/ddi.12169},
  author = {Siler, Cameron D. and Oaks, Jamie R. and Cobb, Kerry and Ota, Hidetoshi and Brown, Rafe M.},
  editor = {Green, David},
  month = jul,
  year = {2014},
  keywords = {Conservation genetics,Faunal transplant,Lanyu Island,Mitochondrial introgression,Single island endemics,Species delimitation},
  pages = {756-772}
}

@article{sanguilaAmphibiansReptilesMindanao2016,
  title = {The Amphibians and Reptiles of {{Mindanao Island}}, Southern {{Philippines}}, {{II}}: The Herpetofauna of Northeast {{Mindanao}} and Adjacent Islands},
  volume = {624},
  issn = {1313-2970, 1313-2989},
  shorttitle = {The Amphibians and Reptiles of {{Mindanao Island}}, Southern {{Philippines}}, {{II}}},
  language = {english},
  journal = {ZooKeys},
  doi = {10.3897/zookeys.624.9814},
  author = {Sanguila, Marites B. and Cobb, Kerry A. and Siler, Cameron D. and Diesmos, Arvin C. and Alcala, Angel C. and Brown, Rafe M.},
  month = oct,
  year = {2016},
  keywords = {Biodiversity,Conservation,Agusan del Norte,Agusan del Sur,Balatukan,Camiguin Sur,Dinagat,Hilong-hilong,Lumot,Magdiwata,Misamis Oriental,Siargao,Surigao del Norte,Surigao del Sur},
  pages = {1-132}
}

@article{oaksMarginalLikelihoodsPhylogenetics2018,
  archivePrefix = {arXiv},
  eprinttype = {arxiv},
  eprint = {1805.04072},
  primaryClass = {q-bio},
  title = {Marginal Likelihoods in Phylogenetics: A Review of Methods and Applications},
  shorttitle = {Marginal Likelihoods in Phylogenetics},
  language = {english},
  journal = {arXiv:1805.04072 [q-bio]},
  author = {Oaks, Jamie R. and Cobb, Kerry A. and Minin, Vladimir N. and Leach{\'e}, Adam D.},
  month = may,
  year = {2018},
  keywords = {Quantitative Biology - Populations and Evolution}
}

@article{oaksInsightsGeneralFulllikelihood2019,
  title = {Insights from a General, Full-Likelihood {{Bayesian}} Approach to Inferring Shared Evolutionary Events from Genomic Data: {{Inferring}} Shared Demographic Events Is Challenging},
  shorttitle = {Insights from a General, Full-Likelihood {{Bayesian}} Approach to Inferring Shared Evolutionary Events from Genomic Data},
  language = {english},
  journal = {bioRxiv},
  doi = {10.1101/679878},
  author = {Oaks, Jamie R. and L'Bahy, Nadia and Cobb, Kerry A.},
  month = jul,
  year = {2019}
}

@article{kelleherEfficientCoalescentSimulation2016,
  title = {Efficient {{Coalescent Simulation}} and {{Genealogical Analysis}} for {{Large Sample Sizes}}},
  language = {english},
  journal = {PLOS Computational Biology},
  author = {Kelleher, Jerome and Etheridge, Alison M and McVean, Gilean},
  year = {2016},
  pages = {22}
}

@article{hudsonCoalescentProcessBackground,
  title = {The {{Coalescent Process}} and {{Background Selection}}},
  language = {english},
  author = {Hudson, R R and Kaplan, N L},
  pages = {6}
}

@article{dagilisEvolutionHybridFitness2019,
  title = {The Evolution of Hybrid Fitness during Speciation},
  volume = {15},
  issn = {1553-7404},
  language = {english},
  number = {5},
  journal = {PLOS Genetics},
  doi = {10.1371/journal.pgen.1008125},
  author = {Dagilis, Andrius J. and Kirkpatrick, Mark and Bolnick, Daniel I.},
  editor = {Buerkle, Alex},
  month = may,
  year = {2019},
  pages = {e1008125}
}

@article{vogelEstimationHybridizationIntrogression2008,
  title = {Estimation of {{Hybridization}} and {{Introgression Frequency}} in {{Toads}} ({{Genus}}: {{Bufo}}) {{Using DNA Sequence Variation}} at {{Mitochondrial}} and {{Nuclear Loci}}},
  volume = {42},
  issn = {0022-1511},
  number = {1},
  journal = {Journal of Herpetology},
  doi = {10.1670/07-059.1},
  author = {Vogel, Laura S. and Johnson, Steven G.},
  year = {2008},
  pages = {61--75}
}

@article{tihenAnuranRemainsMiocene1951,
  title = {Anuran {{Remains}} from the {{Miocene}} of {{Florida}}, with the {{Description}} of a {{New Species}} of {{Bufo}}},
  volume = {1951},
  issn = {00458511},
  number = {3},
  journal = {Copeia},
  doi = {10.2307/1439102},
  author = {Tihen, J. A.},
  year = {1951},
  pages = {230}
}

@article{ballingerNaturalHybridizationToads1966,
  title = {Natural {{Hybridization}} of the {{Toads Bufo}} Woodhousei and {{Bufo}} Speciosus},
  volume = {1966},
  number = {2},
  journal = {Copeia},
  author = {Ballinger, R E},
  year = {1966},
  pages = {366--368}
}

@article{peralta-garciaPhylogeneticPositionLittle2016,
  title = {The {{Phylogenetic Position}} of the {{Little Mexican Toad}}, {{Anaxyrus}} Kelloggi , {{Using Molecular Data}}},
  volume = {50},
  issn = {0022-1511},
  number = {3},
  journal = {Journal of Herpetology},
  doi = {10.1670/15-105},
  author = {{Peralta-Garc{\'i}a}, Anny and Leavitt, Dean H. and Hollingsworth, Bradford D. and Reeder, Tod W.},
  month = sep,
  year = {2016},
  pages = {471--475}
}

@article{malonePatternsReproductiveIsolation2008,
  title = {Patterns of Reproductive Isolation in Toads},
  volume = {3},
  issn = {19326203},
  number = {12},
  journal = {PLoS ONE},
  doi = {10.1371/journal.pone.0003900},
  author = {Malone, John H and Fontenot, Brian E},
  year = {2008},
  pages = {e3900},
  pmid = {19065271}
}

@article{matuszewskiCoalescentProcessesSkewed2018,
  title = {Coalescent Processes with Skewed Offspring Distributions and Nonequilibrium Demography},
  volume = {208},
  issn = {19432631},
  number = {1},
  journal = {Genetics},
  doi = {10.1534/genetics.117.300499},
  author = {Matuszewski, Sebastian and Hildebrandt, Marcel E and Achaz, Guillaume and Jensen, Jeffrey D},
  month = jan,
  year = {2018},
  keywords = {Coalescent theory,Maximum likelihood,Multiple mergers,Population growth,Site-frequency spectrum},
  pages = {323--338},
  pmid = {29127263}
}

@article{mastaMolecularSystematicsHybridization2002,
  title = {Molecular Systematics, Hybridization, and Phylogeography of the {{Bufo}} Americanus Complex in {{Eastern North America}}},
  volume = {24},
  issn = {1055-7903},
  journal = {Molecular Phylogenetics and Evolution},
  doi = {10.1016/s1055-7903(02)00216-6},
  author = {Masta, S E and Sullivan, B K and Lamb, T and Routman, E J},
  year = {2002},
  keywords = {16S,America,behavior,classification,distribution,divergence,Evolution,geographic range,Hybridization,individual,molecular systematics,morphology,ND1,North America,phylogeography,Pleistocene,Population,range,San Francisco,species,Systematics,Taxa,Variation},
  pages = {302--314},
  pmid = {12144763}
}

@article{agugliaroSimpleExperimentDemonstrating2016,
  title = {A {{Simple Experiment Demonstrating Hormonal Control}} of {{Cutaneous Drinking}} in {{Toads}}},
  volume = {78},
  issn = {0002-7685},
  number = {8},
  journal = {The American Biology Teacher},
  doi = {10.1525/abt.2016.78.8.679},
  author = {Agugliaro, J.},
  month = oct,
  year = {2016},
  keywords = {Angiotensin II,blood pressure,endocrinology,hormone,osmoregulation,toad},
  pages = {679--682}
}

@article{greenCorrelatedMorphologicalAllozyme1997,
  title = {Correlated {{Morphological}} and {{Allozyme Variation}} in the {{Hybridizing Toads Bufo}} Americanus and {{Bufo}} Hemiophrys},
  volume = {53},
  issn = {0018-0831},
  number = {2},
  journal = {Herpetologica},
  doi = {10.1126/science.151.3712.864-b},
  author = {Green, David and Pustowka, Cory},
  year = {1997},
  keywords = {Toads},
  pages = {218--228},
  pmid = {3893331}
}

@article{brownNaturalHybridizationToads1970,
  title = {Natural Hybridization between the Toads {{Bufo}} Arenarum and {{Bufo}} Spinulosus in {{Argentina}}},
  volume = {83},
  number = {1},
  journal = {The American Midland Naturalist},
  author = {Brown, L.E and Guttman, S. I.},
  year = {1970},
  pages = {160--166}
}

@article{ellstrandWhyAreJuveniles1983,
  title = {Why Are Juveniles Smaller than Their Parents?},
  volume = {37},
  issn = {0014-3820},
  number = {5},
  journal = {Evolution},
  doi = {10.2307/2408423},
  author = {Ellstrand, NC},
  year = {1983},
  pages = {1091--1094}
}

@article{hoffbergRADcapSequenceCapture2016,
  title = {{{RADcap}}: Sequence Capture of Dual-Digest {{RADseq}} Libraries with Identifiable Duplicates and Reduced Missing Data},
  volume = {16},
  issn = {1755098X},
  number = {5},
  journal = {Molecular Ecology Resources},
  doi = {10.1111/1755-0998.12566},
  author = {Hoffberg, Sandra L. and Kieran, Troy J. and Catchen, Julian M. and Devault, Alison and Faircloth, Brant C. and Mauricio, Rodney and Glenn, Travis C.},
  month = sep,
  year = {2016},
  keywords = {3RAD,ddRAD,Illumina,reduced representation libraries,target enrichment,Wisteria},
  pages = {1264--1278}
}

@article{gergusNaturalHybridizationDistantly1999,
  title = {Natural {{Hybridization}} among {{Distantly Related Toads}} ({{Bufo}} Alvarius, {{Bufo}} Cognatus, {{Bufo}} Woodhousii) in {{Central Arizona}}},
  volume = {1999},
  issn = {00458511},
  number = {2},
  journal = {Copeia},
  doi = {10.2307/1447473},
  author = {Gergus, Erik W A and Malmos, Keith B and Sullivan, Brian K},
  year = {1999},
  pages = {281}
}

@article{forrestHotRocksDry2017,
  title = {Between Hot Rocks and Dry Places: The Status of the {{Dixie Valley}} Toad},
  volume = {77},
  issn = {15270904},
  number = {2},
  journal = {Western North American Naturalist},
  doi = {10.3398/064.077.0204},
  author = {Forrest, Matthew J. and Stiller, Josefin and King, Tim L. and Rouse, Greg W.},
  year = {2017},
  pages = {162--175}
}

@article{blairVariationIsolatingMechanisms1941,
  title = {Variation, Isolating Mechanisms, and Hybridization in Certain Toads.},
  volume = {26},
  issn = {0016-6731},
  number = {4},
  journal = {Genetics},
  author = {Blair, Albert P},
  year = {1941},
  pages = {398--417},
  pmid = {17247011}
}

@article{sullivanTemporalStabilityHybridization1995,
  title = {Temporal {{Stability}} in {{Hybridization Between Bufo}}-{{Microscaphus}} and {{Bufo}}-{{Woodhousii}} ({{Anura}}, {{Bufonidae}}) - {{Behavior}} and {{Morphology}}},
  volume = {8},
  number = {2},
  journal = {Journal of Evolutionary Biology},
  doi = {10.1046/j.1420-9101.1995.8020233.x},
  author = {Sullivan, B K},
  year = {1995},
  pages = {233--247}
}

@article{federNaturalHybridizationGenetic1979,
  title = {Natural Hybridization and Genetic Divergence between the Toads {{Bufo}} Boreas and {{Bufo}} Punctatus},
  volume = {33},
  number = {4},
  journal = {Evolution},
  author = {Feder, Juliana H},
  year = {1979},
  pages = {1089--1097}
}

@article{lambMitochondrialGeneMarkers2000,
  title = {Mitochondrial {{Gene Markers}} for the {{Hybridizing Toads Bufo}} Microscaphus and {{Bufo}} Woodhousii in {{Arizona}}},
  volume = {2000},
  number = {1},
  author = {Lamb, Trip and Sullivan, Brian K and Malmos, Keith and Lamb, Trip and Sullivan, Brian K and Malmos, Keith},
  year = {2000},
  pages = {234--237}
}

@article{rageOldestBufonidaeAmphibia2003,
  title = {Oldest {{Bufonidae}} ({{Amphibia}}, {{Anura}}) from the {{Old World}}: A Bufonid from the {{Paleocene}} of {{France}}},
  volume = {23},
  issn = {0272-4634},
  number = {2},
  journal = {Journal of Vertebrate Paleontology},
  doi = {10.1671/0272-4634(2003)023[0462:OBAAFT]2.0.CO;2},
  author = {Rage, Jean-Claude},
  year = {2003},
  pages = {462--463}
}

@article{sullivanHybridizationToadsBufoMicroscaphus1986,
  title = {Hybridization {{Between}} the {{Toads Bufo}}-{{Microscaphus}} and {{Bufo}}-{{Woodhousei}} in {{Arizona}} - {{Morphological Variation}}},
  volume = {20},
  issn = {\%( \%) \%* \%L \%M},
  number = {1},
  journal = {Journal of Herpetology},
  doi = {10.2307/1564120},
  author = {Sullivan, Brian K},
  year = {1986},
  pages = {11--21}
}

@article{manionEcologyHybridizationGenus1955,
  title = {Ecology and {{Hybridization}} in the {{Genus Bufo}} in the {{Michigan}}-{{Indiana Region}}},
  volume = {9},
  number = {1},
  journal = {Evolution},
  author = {Manion, Lawrence Cory and J, James},
  year = {1955},
  pages = {42--51}
}

@article{brownNaturalHybridToads1971,
  title = {A {{Natural Hybrid}} between the {{Toads Bufo}} Hemiophrys and {{Bufo}} Cognatus in {{Minnesota}}},
  volume = {5},
  issn = {00221511 \%( \%) \%* \%L \%M},
  number = {1-2},
  journal = {Journal of Herpetology},
  doi = {10.2307/1562858},
  author = {Brown, Lauren E},
  year = {1971},
  keywords = {amphibians,Bufo,Reptiles},
  pages = {78--82}
}

@article{greenSympatricHybridizationAllozyme1984,
  title = {Sympatric {{Hybridization}} and {{Allozyme Variation}} in the {{Toads Bufo}} Americanus and {{B}}. Fowleri in {{Southern Ontario}}},
  volume = {1984},
  issn = {00458511},
  number = {1},
  journal = {Copeia},
  doi = {10.2307/1445031},
  author = {Green, David},
  year = {1984},
  pages = {18--26},
  pmid = {1445031}
}

@article{gouldSpandrelsSanMarco1979,
  title = {The {{Spandrels}} of {{San Marco}} and the {{Panglossian Paradigm}}: {{A Critique}} of the {{Adaptationist Programme}}},
  volume = {205},
  issn = {0962-8452},
  number = {1161},
  journal = {Proceedings of the Royal Society B: Biological Sciences},
  doi = {10.1098/rspb.1979.0086},
  author = {Gould, S. J. and Lewontin, R. C.},
  year = {1979},
  pages = {581--598},
  pmid = {42062}
}

@article{sullivanEvolutionaryImplicationsAdvertisement2000,
  title = {Evolutionary {{Implications}} of {{Advertisement Call Variation}} in {{Bufo}} Debilis, {{B}}. Punctatus, and {{B}}. Retiformis},
  volume = {34},
  issn = {00221511},
  number = {3},
  journal = {Journal of Herpetology},
  doi = {10.2307/1565358},
  author = {Sullivan, Brian K and Malmos, Keith B and Gergus, Erik W A and Bowker, Robert W},
  year = {2000},
  pages = {368--374}
}

@article{portikHistoricalBiogeographyResolves2015,
  title = {Historical Biogeography Resolves the Origins of Endemic {{Arabian}} Toad Lineages ({{Anura}}: {{Bufonidae}}): {{Evidence}} for Ancient Vicariance and Dispersal Events with the {{Horn}} of {{Africa}} and {{South Asia}}},
  volume = {15},
  issn = {14712148},
  number = {1},
  journal = {BMC Evolutionary Biology},
  doi = {10.1186/s12862-015-0417-y},
  author = {Portik, Daniel M. and Papenfuss, Theodore J.},
  month = dec,
  year = {2015},
  keywords = {Toads,Amphibians,Arabian Peninsula,Historical biogeography,Red Sea},
  pages = {1--19}
}

@article{zweifelEffectsTemperatureBody1968,
  title = {Effects of {{Temperature}} , {{Body Size}} , and {{Hybridization}} on {{Mating Calls}} of {{Toads}} , {{Bufo}} a . Americanus and {{Bufo}} Woodhousii Fowleri},
  number = {2},
  journal = {Copeia},
  author = {Zweifel, Richard G},
  year = {1968},
  pages = {269--285}
}

@phdthesis{chiversCombiningMorphologicalAcoustic2016,
  type = {{{PhD Thesis}}},
  title = {Combining Morphological, Acoustic, and Genetic Techniques to Better Understand Hybridization of the Most Abundant Toad in {{Alabama}}: {{Anaxyrus}} Fowler},
  author = {Chivers, Jacqueline Marie},
  year = {2016},
  keywords = {morphology,bufonidae,character displacement,discriminant function analysis,genotype-by-sequencing,structure}
}

@article{tihenReviewNewWorld1962,
  title = {A Review of {{New World}} Fossil Bufonids},
  volume = {68},
  number = {1},
  journal = {The American Midland Naturalist},
  author = {Tihen, J. A.},
  year = {1962},
  pages = {1--50}
}

@article{gordonDiamondRoughDesert2017,
  title = {A Diamond in the Rough Desert Shrublands of the {{Great Basin}} in the {{Western United States}}: {{A}} New Cryptic Toad Species ({{Amphibia}}: {{Bufonidae}}: {{Bufo}} ({{Anaxyrus}})) Discovered in {{Northern Nevada}}},
  volume = {4290},
  issn = {11755334},
  number = {1},
  journal = {Zootaxa},
  doi = {10.11646/zootaxa.4290.1.7},
  author = {Gordon, Michelle R. and Simandle, Eric T. and Tracy, C. Richard},
  year = {2017},
  keywords = {Conservation,Bufo (Anaxyrus) williamsi sp. Nov.,Bufo(Anaxyrus) boreas species complex,Cryptic species,Dixie Valley Toad,Geothermal,Morphology,New species,Western Toad},
  pages = {123--139}
}

@article{greenVariableAsymmetricIntrogression2003,
  title = {Variable and {{Asymmetric Introgression}} in a {{Hybrid Zone}} in the {{Toads}}, {{Bufo}} Americanus and {{Bufo}} Fowleri},
  volume = {2003},
  issn = {0045-8511},
  number = {1},
  journal = {Copeia},
  doi = {10.1643/0045-8511(2003)003[0034:VAAIIA]2.0.CO;2},
  author = {Green, David M. and Parent, Christine},
  year = {2003},
  pages = {34--43}
}

@article{arnoldRADseqUnderestimatesDiversity2013,
  title = {{{RADseq}} Underestimates Diversity and Introduces Genealogical Biases Due to Nonrandom Haplotype Sampling},
  volume = {22},
  issn = {09621083},
  number = {11},
  journal = {Molecular Ecology},
  doi = {10.1111/mec.12276},
  author = {Arnold, B. and {Corbett-Detig}, R. B. and Hartl, D. and Bomblies, K.},
  month = jun,
  year = {2013},
  keywords = {ascertainment bias,coalescent theory,population genomics,restriction-associated DNA sequencing},
  pages = {3179--3190}
}

@article{trujilloMorphologicalMolecularData2017,
  title = {Morphological and Molecular Data to Describe a Hybrid Population of the Common Toad (\textbackslash{}textlessi\textbackslash{{textgreaterBufo}} Bufo\textbackslash{}textless/I\textbackslash{}textgreater) and the Spined Toad (\textbackslash{}textlessi\textbackslash{{textgreaterBufo}} Spinosus\textbackslash{}textless/I\textbackslash{}textgreater) in Western {{France}}},
  volume = {86},
  issn = {13834517},
  number = {1},
  journal = {Contributions to Zoology},
  author = {Trujillo, Tania and Arntzen, Jan W},
  year = {2017},
  keywords = {morphology,amphibians,cross-amplification,genetic polymorphism,hybridization,microsatellites},
  pages = {1--10}
}

@article{goebelMitochondrialDNAEvolution2009,
  title = {Mitochondrial {{DNA}} Evolution in the {{Anaxyrus}} Boreas Species Group},
  volume = {50},
  issn = {10557903},
  number = {2},
  journal = {Molecular Phylogenetics and Evolution},
  doi = {10.1016/j.ympev.2008.06.019},
  author = {Goebel, Anna M. and Ranker, Tom A. and Corn, Paul Stephen and Olmstead, Richard G.},
  year = {2009},
  keywords = {Bufo,Conservation,12S rDNA,Amphibia,Anaxyrus boreas,Anura,boreas,Bufonidae,canorus,Control region,Cytochrome oxidase I,exsul,halophilus,nelsoni,Phylogeography,Restriction sites},
  pages = {209--225},
  pmid = {18662792}
}

@article{maxsonMolecularProbesPhylogeny1984,
  title = {Molecular Probes of Phylogeny and Biogeography in Toads of the Widespread Genus {{Bufo}}.},
  volume = {1},
  issn = {0737-4038},
  number = {4},
  journal = {Molecular biology and evolution},
  author = {Maxson, L R},
  year = {1984},
  keywords = {Population,Bufonidae,Animals,Bufonidae: genetics,Genetics,Phylogeny,Serum Albumin,Serum Albumin: genetics,Species Specificity},
  pages = {345--56},
  pmid = {6599971}
}

@article{hutterNewSpeciesBrighteyed2015,
  title = {A New Species of Bright-Eyed Treefrog ({{Mantellidae}}) from {{Madagascar}}, with Comments on Call Evolution and Patterns of Syntopy in the {{Boophis}} Ankaratra Complex},
  volume = {4034},
  issn = {11755334},
  number = {3},
  journal = {Zootaxa},
  doi = {10.11646/zootaxa.4034.3.6},
  author = {Hutter, Carl R. and Lambert, Shea M. and Cobb, Kerry A. and Andriampenomanana, Zo Faniry and Vences, Miguel},
  year = {2015},
  keywords = {New species,Amphibia,Anura,Boophis boppa,Ranomafana National Park,Reinforcement,Taxonomy},
  pages = {531--555}
}

@article{greenMatingCallCharacteristics1982,
  title = {Mating Call Characteristics of Hybrid Toads ({{Bufo}} Americanus x {{B}}. Fowleri) at {{Long Point}}, {{Ontario}}},
  volume = {60},
  journal = {Canadian Journal of Zoology},
  author = {Green, D M},
  year = {1982},
  keywords = {HZ Bufo},
  pages = {3293--3297}
}

@article{beverVariationIliumNorth2005,
  title = {Variation in the Ilium of {{North American Bufo}} ({{Lissamphibia}}; {{Anura}}) and Its Implications for Species-Level Identification of Fragmentary Anuran Fossils},
  volume = {25},
  issn = {0272-4634},
  number = {3},
  journal = {Journal of Vertebrate Paleontology},
  doi = {10.1671/0272-4634(2005)025[0548:VITION]2.0.CO;2},
  author = {Bever, Gabe S},
  year = {2005},
  pages = {548--560}
}

@article{arntzenConcordantMorphologicalMolecular2016,
  title = {Concordant Morphological and Molecular Clines in a Contact Zone of the {{Common}} and {{Spined}} Toad ({{Bufo}} Bufo and {{B}}. Spinosus) in the Northwest of {{France}}},
  volume = {13},
  issn = {17429994},
  number = {1},
  journal = {Frontiers in Zoology},
  doi = {10.1186/s12983-016-0184-7},
  author = {Arntzen, Jan W. and Trujillo, Tania and But{\^o}t, Roland and Vrieling, Klaas and Schaap, Onno and {Guti{\'e}rrez-Rodr{\'i}guez}, Jorge and {Mart{\'i}nez-Solano}, I{\~n}igo},
  year = {2016},
  keywords = {Hybridization,Morphology,Cline analysis,Microsatellites,MtDNA,SNPs},
  pages = {1--12},
  pmid = {28018475}
}

@article{yamazakiNaturalHybridizationDirectional2008,
  title = {Natural {{Hybridization}} and {{Directional Introgression}} of {{Two Species}} of {{Japanese Toads Bufo}} Japonicus Formosus and {{Bufo}} Torrenticola ({{Anura}}: {{Bufonidae}}) {{Resulting}} from {{Changes}} in {{Their Spawning Habitat}}},
  volume = {42},
  issn = {0022-1511},
  number = {3},
  journal = {Journal of Herpetology},
  doi = {10.1670/07-186.1},
  author = {Yamazaki, Yuji and Kouketsu, Saori and Fukuda, Tamotsu and Araki, Yoshimasa and Nambu, Hisao},
  year = {2008},
  pages = {427--436}
}

@article{henrichMorphologicalEvidenceSecondary1968,
  title = {Morphological {{Evidence}} of {{Secondary Intergradation}} between {{Bufo}} Hemiophrys {{Cope}} and {{Bufo}} Americanus {{Holbrook}} in {{Eastern South Dakota}}},
  volume = {24},
  number = {1},
  journal = {Herpetologica},
  author = {Henrich, Thorston W},
  year = {1968},
  pages = {1--13}
}

@article{foxElactrophoreticStudiesBlood1961,
  title = {Elactrophoretic Studies of Blood Proteins of Two Species of Toads and Their Natural Hybrid},
  volume = {3},
  number = {1952},
  journal = {Comp Biochem Physiol},
  author = {Fox, W and Dessauer, H C and Maums, L T},
  year = {1961},
  pages = {52--63}
}

@article{hillisReproductiveEcologyHybridization1984,
  title = {Reproductive {{Ecology}} and {{Hybridization}} of the {{Endangered Houston Toad}} ({{Bufo}} Houstonensis)},
  volume = {18},
  issn = {00221511},
  number = {1},
  journal = {Journal of Herpetology},
  doi = {10.2307/1563672},
  author = {Hillis, David M and Hillis, Ann M and Martin, Robert F},
  year = {1984},
  pages = {56--72}
}

@article{baezBufonidToadsLate2004,
  title = {Bufonid Toads from the Late {{Oligocene}} Beds of {{Salla}}, {{Bolivia}}},
  volume = {24},
  issn = {0272-4634},
  number = {1},
  journal = {Journal of Vertebrate Paleontology},
  doi = {10.1671/1900-6},
  author = {Baez, Ana Maria and Nicoli, Laura},
  year = {2004},
  pages = {73--79}
}

@article{mccoyNaturalHybridToads1967,
  title = {Natural {{Hybrid Toads}}, {{Bufo}} Punctatus \& {{Bufo}} Woodhousei, from {{Colorado}}},
  volume = {12},
  issn = {00384909},
  number = {1},
  journal = {The Southwestern Naturalist},
  doi = {10.2307/3669147},
  author = {McCoy, Clarence J and Smith, Hobart M and Tihen, J A},
  year = {1967},
  pages = {45--54}
}

@article{gompertAnalysisPopulationGenomic2017,
  title = {Analysis of {{Population Genomic Data}} from {{Hybrid Zones}}},
  volume = {48},
  issn = {1543-592X},
  number = {1},
  journal = {Annual Review of Ecology, Evolution, and Systematics},
  doi = {10.1146/annurev-ecolsys-110316-022652},
  author = {Gompert, Zachariah and Mandeville, Elizabeth G. and Buerkle, C. Alex},
  year = {2017},
  keywords = {bees,biodiversity,biogeography,conservation,mutualism,pollination},
  pages = {207--229}
}

@article{blairGeneticCompatibilitySpecies1959,
  title = {Genetic Compatibility and Species Groups in {{U}}.{{S}}. Toads ({{Bufo}})},
  volume = {11},
  number = {4},
  journal = {Texas Journal of Science},
  author = {Blair, W F},
  year = {1959},
  pages = {427--453},
  pmid = {1701}
}

@article{thorntonInterspecificHybridizationBufo1955,
  title = {Interspecific Hybridization in {{Bufo}} Woodhousei and {{Bufo}} Valliceps},
  volume = {9},
  number = {4},
  journal = {Evolution},
  author = {Thornton, W A},
  year = {1955},
  pages = {455--468}
}

@incollection{bartonGeneticAnalysisHybrid1993,
  address = {{New York}},
  title = {Genetic Analysis of Hybrid Zones},
  booktitle = {Hybrid {{Zones}} and the {{Evolutionary Process}}},
  publisher = {{Oxford University Press}},
  author = {Barton, Nicholas H. and Gale, Katherine S.},
  editor = {Harrison, Richard G.},
  year = {1993},
  pages = {13--45}
}

@article{bartonAnalysisHybridZones1985,
  title = {Analysis of Hybrid Zones.},
  volume = {16},
  issn = {0066-4162},
  number = {1},
  journal = {Annual review of ecology and systematics. Vol. 16},
  doi = {10.1146/annurev.es.16.110185.000553},
  author = {Barton, Nicholas H. and Hewitt, G M},
  month = nov,
  year = {1985},
  pages = {113--148}
}

@article{bradburdInferringContinuousDiscrete2018,
  title = {Inferring Continuous and Discrete Population Genetic Structure across Space},
  volume = {210},
  issn = {19432631},
  number = {1},
  journal = {Genetics},
  doi = {10.1534/genetics.118.301333},
  author = {Bradburd, Gideon S and Coop, Graham M and Ralph, Peter L},
  month = sep,
  year = {2018},
  keywords = {Isolation by distance,Model-based clustering,Population genetics,Population structure},
  pages = {33--52},
  pmid = {30026187}
}

@article{liedtkeNoEcologicalOpportunity2016,
  title = {No Ecological Opportunity Signal on a Continental Scale? {{Diversification}} and Life-History Evolution of {{African}} True Toads ({{Anura}}: {{Bufonidae}})},
  volume = {70},
  issn = {15585646},
  number = {8},
  journal = {Evolution},
  doi = {10.1111/evo.12985},
  author = {Liedtke, H. Christoph and M{\"u}ller, Hendrik and R{\"o}del, Mark Oliver and Menegon, Michele and Gonwouo, Le Grand Nono and Barej, Michael F. and Gvo{\v z}d{\'i}k, V{\'a}clav and Schmitz, Andreas and Channing, Alan and Nagel, Peter and Loader, Simon P.},
  month = aug,
  year = {2016},
  keywords = {Amphibia,BAMM,bGMYC,disparity,evolutionary rate dynamics,molecular phylogeny},
  pages = {1717--1733}
}

@article{grahamImpactsDegradedDNA2015,
  title = {Impacts of Degraded {{DNA}} on Restriction Enzyme Associated {{DNA}} Sequencing ({{RADSeq}})},
  volume = {15},
  issn = {17550998},
  number = {6},
  journal = {Molecular Ecology Resources},
  doi = {10.1111/1755-0998.12404},
  author = {Graham, Carly F. and Glenn, Travis C. and Mcarthur, Andrew G. and Boreham, Douglas R. and Kieran, Troy and Lance, Stacey and Manzon, Richard G. and Martino, Jessica A. and Pierson, Todd and Rogers, Sean M. and Wilson, Joanna Y. and Somers, Christopher M.},
  month = nov,
  year = {2015},
  keywords = {Coregonus clupeaformis,DdRADSeq,Reduced representation libraries,SNP},
  pages = {1304--1315}
}

@article{eatonMisconceptionsMissingData2017,
  title = {Misconceptions on Missing Data in {{RAD}}-Seq Phylogenetics with a Deep-Scale Example from Flowering Plants},
  volume = {66},
  issn = {1076836X},
  number = {3},
  journal = {Systematic Biology},
  doi = {10.1093/sysbio/syw092},
  author = {Eaton, Deren A.R. and Spriggs, Elizabeth L. and Park, Brian and Donoghue, Michael J.},
  month = oct,
  year = {2017},
  keywords = {Hierarchical redundancy,Phylogenetic informativeness,Quartet informativeness,Restriction-site associated DNA (RAD) sequencing,Sequencing coverage,Viburnum},
  pages = {399--412}
}

@article{corbett-detigNaturalSelectionConstrains2015,
  title = {Natural {{Selection Constrains Neutral Diversity}} across {{A Wide Range}} of {{Species}}},
  volume = {13},
  issn = {15457885},
  number = {4},
  journal = {PLoS Biology},
  doi = {10.1371/journal.pbio.1002112},
  author = {{Corbett-Detig}, Russell B and Hartl, Daniel L and Sackton, Timothy B},
  year = {2015},
  pmid = {25859758}
}

@article{pramukWorld10Million2008,
  title = {Around the World in 10 Million Years: {{Biogeography}} of the Nearly Cosmopolitan True Toads ({{Anura}}: {{Bufonidae}})},
  volume = {17},
  issn = {1466822X},
  number = {1},
  journal = {Global Ecology and Biogeography},
  doi = {10.1111/j.1466-8238.2007.00348.x},
  author = {Pramuk, Jennifer B. and Robertson, Tasia and Sites, Jack W. and Noonan, Brice P.},
  year = {2008},
  keywords = {Anura,Bufonidae,Phylogeny,Bayes method,Biogeography,CXCR-4,Divergence times,DNA,mtDNA,RAG-1,South America},
  pages = {72--83}
}

@article{costaComparativeMorphologyPhylogeny2018,
  title = {Comparative Morphology , Phylogeny and Classification of {{African}} Seasonal Killifishes of the Tribe {{Nothobranchiini}} ( {{Cyprinodontiformes}} : {{Aplocheilidae}} )},
  volume = {184},
  issn = {10963642},
  number = {February},
  journal = {Zoological Journal of the Linnean Society},
  doi = {10.1093/zoolinnean/zlx102/4857373},
  author = {Costa, Wilson J E M},
  year = {2018},
  keywords = {African savannas-,Fundulosoma-morphological diversification-,Nothobranchius-osteology-,Pronothobranchius-seasonal life cycle},
  pages = {1--21}
}

@article{greenBoundsSpeciesHybridization1996,
  title = {The Bounds of Species: Hybridization in the {{Bufo}} Americanus Group of {{North American}} Toads},
  volume = {42},
  issn = {00212210 \{(ISSN)\}},
  number = {2},
  journal = {Israel Journal of Zoology},
  doi = {10.1080/00212210.1996.10688834},
  author = {Green, D. M.},
  year = {1996},
  pages = {95--109}
}

@article{mulcahyPhylogeographySpeciationMorphologically2000,
  title = {Phylogeography and Speciation of the Morphologically Variable, Widespread Species {{Bufo}} Valliceps, Based on Molecular Evidence from {{mtDNA}}},
  volume = {17},
  issn = {10557903},
  number = {2},
  journal = {Molecular Phylogenetics and Evolution},
  doi = {10.1006/mpev.2000.0827},
  author = {Mulcahy, Daniel G. and Mendelson, Joseph R.},
  year = {2000},
  keywords = {16S,Amphibia,Anura,Bufonidae,Phylogeography,Bufo nebulifer,Bufo valliceps,Cytochrome b,Middle America,Mitochondrial DNA,Molecular clock,Relative rates,Trans-Mexican Neovolcanic Belt},
  pages = {173--189},
  pmid = {11083932}
}

@article{fontenotNuclearmitochondrialDiscordanceGene2011,
  title = {Nuclear-Mitochondrial Discordance and Gene Flow in a Recent Radiation of Toads},
  volume = {59},
  issn = {10557903},
  number = {1},
  journal = {Molecular Phylogenetics and Evolution},
  doi = {10.1016/j.ympev.2010.12.018},
  author = {Fontenot, Brian E. and Makowsky, Robert and Chippindale, Paul T.},
  year = {2011},
  keywords = {Hybridization,Toads,AFLPs,Gene flow,Nuclear-mitochondrial discordance,Speciation},
  pages = {66--80},
  pmid = {21255664}
}

@article{graybealPhylogeneticRelationshipsBufonid1997,
  title = {Phylogenetic Relationships of Bufonid Frogs and Tests of Alternate Macroevolutionary Hypotheses Characterizing Their Radiaton},
  volume = {119},
  issn = {00244082},
  number = {3},
  journal = {Zoological Journal of the Linnean Society},
  doi = {10.1006/zjls.1996.0068},
  author = {Graybeal, Anna},
  year = {1997},
  pages = {297--338}
}

@article{brysonMultilocusPerspectiveSpeciation2012,
  title = {A Multilocus Perspective on the Speciation History of a {{North American}} Aridland Toad ({{Anaxyrus}} Punctatus)},
  volume = {64},
  issn = {10557903},
  number = {3},
  journal = {Molecular Phylogenetics and Evolution},
  doi = {10.1016/j.ympev.2012.04.014},
  author = {Bryson, Robert W. and Jaeger, Jef R. and {Lemos-Espinal}, Julio A. and Lazcano, David},
  year = {2012},
  keywords = {Amphibia,Baja California peninsula,Bufo punctatus,Chihuahuan Desert,Gene trees,Sonoran Desert,Species trees},
  pages = {393--400},
  pmid = {22579923}
}

@article{gompertAnalysesGeneticAncestry2013,
  title = {Analyses of Genetic Ancestry Enable Key Insights for Molecular Ecology},
  volume = {22},
  issn = {09621083},
  language = {english},
  number = {21},
  journal = {Molecular Ecology},
  doi = {10.1111/mec.12488},
  author = {Gompert, Zachariah and Buerkle, C. Alex},
  month = nov,
  year = {2013},
  pages = {5278-5294}
}

@article{szymuraGeneticAnalysisHybrid1986,
  title = {Genetic Analysis of a Hybrid Zone between the Fire-Bellied Toads, {\emph{Bombina Bombina}} and {\emph{b. Variegata}} , near Cracow in Southern Poland},
  volume = {40},
  issn = {00143820},
  language = {english},
  number = {6},
  journal = {Evolution},
  doi = {10.1111/j.1558-5646.1986.tb05740.x},
  author = {Szymura, Jacek M. and Barton, Nicholas H.},
  month = nov,
  year = {1986},
  pages = {1141-1159}
}

@article{gompertBayesianEstimationGenomic2011,
  title = {Bayesian Estimation of Genomic Clines},
  volume = {20},
  issn = {09621083},
  shorttitle = {Bayesian Estimation of Genomic Clines},
  language = {english},
  number = {10},
  journal = {Molecular Ecology},
  doi = {10.1111/j.1365-294X.2011.05074.x},
  author = {Gompert, Zachariah and Buerkle, C. Alex},
  month = may,
  year = {2011},
  pages = {2111-2127}
}

@article{fitzpatrickAlternativeFormsGenomic2013,
  title = {Alternative Forms for Genomic Clines},
  volume = {3},
  issn = {20457758},
  language = {english},
  number = {7},
  journal = {Ecology and Evolution},
  doi = {10.1002/ece3.609},
  author = {Fitzpatrick, Benjamin M.},
  month = jul,
  year = {2013},
  pages = {1951-1966}
}

@article{nosilLocalSystemwideAdaptation2019,
  title = {Local and System-Wide Adaptation Is Influenced by Population Connectivity},
  volume = {20},
  issn = {1566-0621, 1572-9737},
  language = {english},
  number = {1},
  journal = {Conservation Genetics},
  doi = {10.1007/s10592-018-1097-0},
  author = {Nosil, Patrik and {Soria-Carrasco}, V{\'i}ctor and Feder, Jeffrey L. and Flaxman, Samuel M. and Gompert, Zach},
  month = feb,
  year = {2019},
  pages = {45-57}
}

@article{gompertContinuousCorrelatedBeta2016,
  title = {A {{Continuous Correlated Beta Process Model}} for {{Genetic Ancestry}} in {{Admixed Populations}}},
  volume = {11},
  issn = {1932-6203},
  language = {english},
  number = {3},
  journal = {PLOS ONE},
  doi = {10.1371/journal.pone.0151047},
  author = {Gompert, Zachariah},
  editor = {Calafell, Francesc},
  month = mar,
  year = {2016},
  pages = {e0151047}
}

@article{randEcologicalGeneticsMosaic1989,
  title = {Ecological Genetics of a Mosaic Hybrid Zone: Mitochondrial, Nuclear, and Reproductive Differentiation of Crickets by Soil Type},
  volume = {43},
  issn = {00143820},
  shorttitle = {Ecological Genetics of a Mosaic Hybrid Zone},
  language = {english},
  number = {2},
  journal = {Evolution},
  doi = {10.1111/j.1558-5646.1989.tb04238.x},
  author = {Rand, David M. and Harrison, Richard G.},
  month = mar,
  year = {1989},
  pages = {432-449}
}

@article{harrisonPatternProcessNarrow1986,
  title = {Pattern and Process in a Narrow Hybrid Zone},
  volume = {56},
  issn = {0018-067X, 1365-2540},
  language = {english},
  number = {3},
  journal = {Heredity},
  doi = {10.1038/hdy.1986.55},
  author = {Harrison, Richard G},
  month = jun,
  year = {1986},
  pages = {337-349}
}

@article{payseurUsingDifferentialIntrogression2010,
  title = {Using Differential Introgression in Hybrid Zones to Identify Genomic Regions Involved in Speciation: Differential Introgression in Hybrid Zones},
  volume = {10},
  issn = {1755098X},
  shorttitle = {Using Differential Introgression in Hybrid Zones to Identify Genomic Regions Involved in Speciation},
  language = {english},
  number = {5},
  journal = {Molecular Ecology Resources},
  doi = {10.1111/j.1755-0998.2010.02883.x},
  author = {Payseur, Bret A.},
  month = sep,
  year = {2010},
  pages = {806-820}
}

@article{soltisComparativePhylogeographyUnglaciated2006,
  title = {Comparative Phylogeography of Unglaciated Eastern North America: Phylogeography of Unglaciated Eastern North America},
  volume = {15},
  issn = {09621083, 1365294X},
  shorttitle = {Comparative Phylogeography of Unglaciated Eastern North America},
  language = {english},
  number = {14},
  journal = {Molecular Ecology},
  doi = {10.1111/j.1365-294X.2006.03061.x},
  author = {Soltis, Douglas E. and Morris, Ashley B. and McLACHLAN, Jason S. and Manos, Paul S. and Soltis, Pamela S.},
  month = nov,
  year = {2006},
  pages = {4261-4293}
}

@article{neillHybridToadsGeorgia,
  title = {Hybrid {{Toads}} in {{Georgia}}},
  language = {english},
  author = {Neill, Wilfred T},
  pages = {4}
}

@article{trierEvidenceMitoNuclearSexLinked2014,
  title = {Evidence for {{Mito}}-{{Nuclear}} and {{Sex}}-{{Linked Reproductive Barriers}} between the {{Hybrid Italian Sparrow}} and {{Its Parent Species}}},
  volume = {10},
  issn = {1553-7404},
  language = {english},
  number = {1},
  journal = {PLoS Genetics},
  doi = {10.1371/journal.pgen.1004075},
  author = {Trier, Cassandra N. and Hermansen, Jo S. and S{\ae}tre, Glenn-Peter and Bailey, Richard I.},
  editor = {Jiggins, Chris D.},
  month = jan,
  year = {2014},
  pages = {e1004075}
}

@article{gompertGenomicRegionsHistory2012,
  title = {Genomic Regions with a History of Divergent Selection Affect Fitness of Hybrids between Two Butterfly Species: Genomics of Speciation},
  volume = {66},
  issn = {00143820},
  shorttitle = {Genomic Regions with a History of Divergent Selection Affect Fitness of Hybrids between Two Butterfly Species},
  language = {english},
  number = {7},
  journal = {Evolution},
  doi = {10.1111/j.1558-5646.2012.01587.x},
  author = {Gompert, Zachariah and Lucas, Lauren K. and Nice, Chris C. and Fordyce, James A. and Forister, Matthew L. and Buerkle, C. Alex},
  month = jul,
  year = {2012},
  pages = {2167-2181}
}

@article{parchmanGenomicConsequencesAdaptive2013,
  title = {The Genomic Consequences of Adaptive Divergence and Reproductive Isolation between Species of Manakins},
  volume = {22},
  issn = {09621083},
  language = {english},
  number = {12},
  journal = {Molecular Ecology},
  doi = {10.1111/mec.12201},
  author = {Parchman, T. L. and Gompert, Z. and Braun, M. J. and Brumfield, R. T. and McDonald, D. B. and Uy, J. A. C. and Zhang, G. and Jarvis, E. D. and Schlinger, B. A. and Buerkle, C. A.},
  month = jun,
  year = {2013},
  pages = {3304-3317}
}

@article{rodaGenomicEvidenceParallel2013,
  title = {Genomic Evidence for the Parallel Evolution of Coastal Forms in the {{{\emph{Senecio}}}}{\emph{ Lautus}} Complex},
  volume = {22},
  issn = {09621083},
  language = {english},
  number = {11},
  journal = {Molecular Ecology},
  doi = {10.1111/mec.12311},
  author = {Roda, Federico and Ambrose, Luke and Walter, Gregory M. and Liu, Huanle L. and Schaul, Andrea and Lowe, Andrew and Pelser, Pieter B. and Prentis, Peter and Rieseberg, Loren H. and {Ortiz-Barrientos}, Daniel},
  month = jun,
  year = {2013},
  pages = {2941-2952}
}

@article{deane-coeLowGenomicDivergence2018,
  title = {Low Genomic Divergence and High Gene Flow between Locally Adapted Populations of the Swamp Sparrow},
  language = {english},
  journal = {bioRxiv},
  doi = {10.1101/359992},
  author = {{Deane-Coe}, P. and Greenberg, R. and Lovette, I. J. and Harrison, R. G.},
  month = jul,
  year = {2018}
}

@article{vanriemsdijkSpatialVariationIntrogression2019,
  title = {Spatial Variation in Introgression along a Toad Hybrid Zone in {{France}}},
  language = {english},
  journal = {bioRxiv},
  doi = {10.1101/746073},
  author = {{van Riemsdijk}, I. and Arntzen, J.W. and Bucciarelli, G. and {McCartney-Melstad}, E. and Rafajlovi{\'c}, M. and Scott, P.A. and Toffelmier, E. and Shaffer, H. B. and Wielstra, B.},
  month = aug,
  year = {2019}
}

@article{scottFormationRecentHybrid2019,
  title = {Formation of a Recent Hybrid Zone Offers Insight into the Geographic Puzzle and Maintenance of Species Boundaries in Musk Turtles},
  volume = {28},
  issn = {0962-1083, 1365-294X},
  language = {english},
  number = {4},
  journal = {Molecular Ecology},
  doi = {10.1111/mec.14983},
  author = {Scott, Peter A. and Glenn, Travis C. and Rissler, Leslie J.},
  month = feb,
  year = {2019},
  pages = {761-771}
}

@article{schieldInsightRolesSelection2017,
  title = {Insight into the Roles of Selection in Speciation from Genomic Patterns of Divergence and Introgression in Secondary Contact in Venomous Rattlesnakes},
  volume = {7},
  issn = {20457758},
  language = {english},
  number = {11},
  journal = {Ecology and Evolution},
  doi = {10.1002/ece3.2996},
  author = {Schield, Drew R. and Adams, Richard H. and Card, Daren C. and Perry, Blair W. and Pasquesi, Giulia M. and Jezkova, Tereza and Portik, Daniel M. and Andrew, Audra L. and Spencer, Carol L. and Sanchez, Elda E. and Fujita, Matthew K. and Mackessy, Stephen P. and Castoe, Todd A.},
  month = jun,
  year = {2017},
  pages = {3951-3966}
}

@article{grossenStrongReproductiveIsolation2016,
  title = {Strong Reproductive Isolation and Narrow Genomic Tracts of Differentiation among Three Woodpecker Species in Secondary Contact},
  volume = {25},
  issn = {09621083},
  language = {english},
  number = {17},
  journal = {Molecular Ecology},
  doi = {10.1111/mec.13751},
  author = {Grossen, Christine and Seneviratne, Sampath S. and Croll, Daniel and Irwin, Darren E.},
  month = sep,
  year = {2016},
  pages = {4247-4266}
}

@article{stankowskiGeographicClineAnalysis2017,
  title = {Geographic Cline Analysis as a Tool for Studying Genome-Wide Variation: A Case Study of Pollinator-Mediated Divergence in a Monkeyflower},
  volume = {26},
  issn = {09621083},
  shorttitle = {Geographic Cline Analysis as a Tool for Studying Genome-Wide Variation},
  language = {english},
  number = {1},
  journal = {Molecular Ecology},
  doi = {10.1111/mec.13645},
  author = {Stankowski, Sean and Sobel, James M. and Streisfeld, Matthew A.},
  month = jan,
  year = {2017},
  pages = {107-122}
}

@article{janousekFunctionalOrganizationGenome2015,
  title = {Functional {{Organization}} of the {{Genome May Shape}} the {{Species Boundary}} in the {{House Mouse}}},
  volume = {32},
  issn = {1537-1719, 0737-4038},
  language = {english},
  number = {5},
  journal = {Molecular Biology and Evolution},
  doi = {10.1093/molbev/msv011},
  author = {Janou{\v s}ek, V{\'a}clav and Munclinger, Pavel and Wang, Liuyang and Teeter, Katherine C. and Tucker, Priscilla K.},
  month = may,
  year = {2015},
  pages = {1208-1220}
}

@article{derryberryHzarHybridZone2014,
  title = {Hzar : Hybrid Zone Analysis Using an {{R}} Software Package},
  volume = {14},
  issn = {1755098X},
  language = {english},
  number = {3},
  journal = {Molecular Ecology Resources},
  doi = {10.1111/1755-0998.12209},
  author = {Derryberry, Elizabeth P. and Derryberry, Graham E. and Maley, James M. and Brumfield, Robb T.},
  month = may,
  year = {2014},
  pages = {652-663}
}

@article{brumfieldEvolutionaryImplicationsDivergent2001,
  title = {Evolutionary Implications of Divergent Clines in an Avian (Manacus: Aves) Hybrid Zone},
  volume = {55},
  issn = {0014-3820, 1558-5646},
  shorttitle = {Evolutionary Implications of Divergent Clines in an Avian (Manacus},
  language = {english},
  number = {10},
  journal = {Evolution},
  doi = {10.1111/j.0014-3820.2001.tb01322.x},
  author = {Brumfield, Robb T. and Jernigan, Robert W. and McDonald, David B. and Braun, Michael J.},
  month = oct,
  year = {2001},
  pages = {2070-2087}
}

@article{gowenSpeciationWesternScrubJays2014,
  title = {Speciation in {{Western Scrub}}-{{Jays}}, {{Haldane}}'s Rule, and Genetic Clines in Secondary Contact},
  volume = {14},
  issn = {1471-2148},
  language = {english},
  number = {1},
  journal = {BMC Evolutionary Biology},
  doi = {10.1186/1471-2148-14-135},
  author = {Gowen, Fiona C and Maley, James M and Cicero, Carla and Peterson, A and Faircloth, Brant C and Warr, T and McCormack, John E},
  year = {2014},
  pages = {135}
}

@article{pacheco-sierraGeneticMorphologicalEvidence2016,
  title = {Genetic and Morphological Evidence of a Geographically Widespread Hybrid Zone between Two Crocodile Species, {{{\emph{Crocodylus}}}}{\emph{ Acutus}} and {{{\emph{Crocodylus}}}}{\emph{ Moreletii}}},
  volume = {25},
  issn = {09621083},
  language = {english},
  number = {14},
  journal = {Molecular Ecology},
  doi = {10.1111/mec.13694},
  author = {{Pacheco-Sierra}, Gualberto and Gompert, Zachariah and {Dom{\'i}nguez-Laso}, Jer{\'o}nimo and {V{\'a}zquez-Dom{\'i}nguez}, Ella},
  month = jul,
  year = {2016},
  pages = {3484-3498}
}

@article{scordatoGenomicVariationTwo2017,
  title = {Genomic Variation across Two Barn Swallow Hybrid Zones Reveals Traits Associated with Divergence in Sympatry and Allopatry},
  volume = {26},
  issn = {09621083},
  language = {english},
  number = {20},
  journal = {Molecular Ecology},
  doi = {10.1111/mec.14276},
  author = {Scordato, Elizabeth S. C. and Wilkins, Matthew R. and Semenov, Georgy and Rubtsov, Alexander S. and Kane, Nolan C. and Safran, Rebecca J.},
  month = oct,
  year = {2017},
  pages = {5676-5691}
}

@article{dufresnesTimeframeSpeciationInferred2015,
  title = {Timeframe of Speciation Inferred from Secondary Contact Zones in the {{European}} Tree Frog Radiation ({{Hyla}} Arborea Group)},
  volume = {15},
  issn = {1471-2148},
  language = {english},
  number = {1},
  journal = {BMC Evolutionary Biology},
  doi = {10.1186/s12862-015-0385-2},
  author = {Dufresnes, Christophe and Brelsford, Alan and {Crnobrnja-Isailovi{\'c}}, Jelka and Tzankov, Nikolay and Lymberakis, Petros and Perrin, Nicolas},
  month = dec,
  year = {2015}
}

@article{leacheEvidenceConcertedMovement2017,
  title = {Evidence for Concerted Movement of Nuclear and Mitochondrial Clines in a Lizard Hybrid Zone},
  volume = {26},
  issn = {09621083},
  language = {english},
  number = {8},
  journal = {Molecular Ecology},
  doi = {10.1111/mec.14033},
  author = {Leach{\'e}, Adam D. and Grummer, Jared A. and Harris, Rebecca B. and Breckheimer, Ian K.},
  month = apr,
  year = {2017},
  pages = {2306-2316}
}

@article{shankmanFallLinePhysiographicforest2010,
  title = {The Fall Line: A Physiographic-Forest Vegetation Boundary},
  volume = {97},
  issn = {00167428},
  shorttitle = {The Fall Line},
  language = {english},
  number = {4},
  journal = {Geographical Review},
  doi = {10.1111/j.1931-0846.2007.tb00409.x},
  author = {Shankman, David and Hart, Justin L.},
  month = apr,
  year = {2010},
  pages = {502-519}
}

@phdthesis{weatherbycraigaIntrogressionAmericanToad1982,
  title = {Introgression between the American Toad, {{Bufo}} Americanus, and the Southern Toad, {{B}}. Terrestris, in Alabama},
  school = {Auburn University},
  author = {{Weatherby, Craig A}},
  year = {1982}
}

@article{jombartDiscriminantAnalysisPrincipal2010,
  title = {Discriminant Analysis of Principal Components: A New Method for the Analysis of Genetically Structured Populations},
  volume = {11},
  issn = {1471-2156},
  shorttitle = {Discriminant Analysis of Principal Components},
  language = {english},
  number = {1},
  journal = {BMC Genetics},
  doi = {10.1186/1471-2156-11-94},
  author = {Jombart, Thibaut and Devillard, S{\'e}bastien and Balloux, Fran{\c c}ois},
  year = {2010},
  pages = {94}
}

@article{brandvainExplainingDarwinCorollary2014,
  title = {Explaining {{Darwin}}'s {{Corollary}} to {{Haldane}}'s {{Rule}}: {{The Role}} of {{Mitonuclear Interactions}} in {{Asymmetric Postzygotic Isolation Among Toads}}},
  volume = {197},
  issn = {0016-6731, 1943-2631},
  shorttitle = {Explaining {{Darwin}}'s {{Corollary}} to {{Haldane}}'s {{Rule}}},
  language = {english},
  number = {2},
  journal = {Genetics},
  doi = {10.1534/genetics.113.161133},
  author = {Brandvain, Yaniv and Pauly, Gregory B. and May, Michael R. and Turelli, Michael},
  month = jun,
  year = {2014},
  pages = {743-747}
}

@article{swensonClusteringContactZones,
  title = {Clustering of {{Contact Zones}}, {{Hybrid Zones}}, and {{Phylogeographic Breaks}} in {{North America}}.},
  language = {english},
  author = {Swenson, Nathan G and Howard, Daniel J},
  pages = {11}
}

@article{presgravesEvaluatingGenomicSignatures2018,
  title = {Evaluating Genomic Signatures of ``the Large {{X}}-Effect'' during Complex Speciation},
  volume = {27},
  issn = {09621083},
  language = {english},
  number = {19},
  journal = {Molecular Ecology},
  doi = {10.1111/mec.14777},
  author = {Presgraves, Daven C.},
  month = oct,
  year = {2018},
  pages = {3822-3830}
}

@article{edwardsDraftGenomeAssembly2018,
  title = {Draft Genome Assembly of the Invasive Cane Toad, {{Rhinella}} Marina},
  volume = {7},
  issn = {2047-217X},
  language = {english},
  number = {9},
  journal = {GigaScience},
  doi = {10.1093/gigascience/giy095},
  author = {Edwards, Richard J and Tuipulotu, Daniel Enosi and Amos, Timothy G and O'Meally, Denis and Richardson, Mark F and Russell, Tonia L and Vallinoto, Marcelo and Carneiro, Miguel and Ferrand, Nuno and Wilkins, Marc R and Sequeira, Fernando and Rollins, Lee A and Holmes, Edward C and Shine, Richard and White, Peter A},
  month = sep,
  year = {2018}
}

@article{filatovTwoRulesSpeciation2018,
  title = {The Two ``Rules of Speciation'' in Species with Young Sex Chromosomes},
  volume = {27},
  issn = {09621083},
  language = {english},
  number = {19},
  journal = {Molecular Ecology},
  doi = {10.1111/mec.14721},
  author = {Filatov, Dmitry A.},
  month = oct,
  year = {2018},
  pages = {3799-3810}
}

@article{delphHaldaneRuleGenetic2016,
  title = {Haldane's {{Rule}}: {{Genetic Bases}} and {{Their Empirical Support}}},
  volume = {107},
  issn = {0022-1503, 1465-7333},
  shorttitle = {Haldane's {{Rule}}},
  language = {english},
  number = {5},
  journal = {Journal of Heredity},
  doi = {10.1093/jhered/esw026},
  author = {Delph, Lynda F. and Demuth, Jeffery P.},
  month = sep,
  year = {2016},
  pages = {383-391}
}

@article{sciuchettiDobzhanskyMullerIncompatibilitiesDominance2018,
  title = {Dobzhansky-{{Muller}} Incompatibilities, Dominance Drive, and Sex-Chromosome Introgression at Secondary Contact Zones: {{A}} Simulation Study: {{SEX}}-{{CHROMOSOME INTROGRESSION IN HYBRID ZONES}}},
  volume = {72},
  issn = {00143820},
  shorttitle = {Dobzhansky-{{Muller}} Incompatibilities, Dominance Drive, and Sex-Chromosome Introgression at Secondary Contact Zones},
  language = {english},
  number = {7},
  journal = {Evolution},
  doi = {10.1111/evo.13510},
  author = {Sciuchetti, Luca and Dufresnes, Christophe and Cavoto, Elisa and Brelsford, Alan and Perrin, Nicolas},
  month = jul,
  year = {2018},
  pages = {1350-1361}
}

@article{dufresnesEmpiricalEvidenceLarge2016,
  title = {Empirical Evidence for Large {{X}}-Effects in Animals with Undifferentiated Sex Chromosomes},
  volume = {6},
  issn = {2045-2322},
  language = {english},
  number = {1},
  journal = {Scientific Reports},
  doi = {10.1038/srep21029},
  author = {Dufresnes, Christophe and Majtyka, Tomasz and Baird, Stuart J. E. and Gerchen, J{\"o}rn F. and Borz{\'e}e, Ama{\"e}l and Savary, Romain and Ogielska, Maria and Perrin, Nicolas and St{\"o}ck, Matthias},
  month = feb,
  year = {2016}
}

@article{lindtkeGeneticArchitectureHybrid2015,
  title = {The Genetic Architecture of Hybrid Incompatibilities and Their Effect on Barriers to Introgression in Secondary Contact: {{THE GENETIC ARCHITECTURE OF HYBRID INCOMPATIBILITIES}}},
  volume = {69},
  issn = {00143820},
  shorttitle = {The Genetic Architecture of Hybrid Incompatibilities and Their Effect on Barriers to Introgression in Secondary Contact},
  language = {english},
  number = {8},
  journal = {Evolution},
  doi = {10.1111/evo.12725},
  author = {Lindtke, Dorothea and Buerkle, C. Alex},
  month = aug,
  year = {2015},
  pages = {1987-2004}
}

@article{christeSelectionRecombinantHybrids2016,
  title = {Selection against Recombinant Hybrids Maintains Reproductive Isolation in Hybridizing {{{\emph{Populus}}}} Species despite {{F}} {\textsubscript{1}} Fertility and Recurrent Gene Flow},
  volume = {25},
  issn = {09621083},
  language = {english},
  number = {11},
  journal = {Molecular Ecology},
  doi = {10.1111/mec.13587},
  author = {Christe, Camille and St{\"o}lting, Kai N. and Bresadola, Luisa and Fussi, Barbara and Heinze, Berthold and Wegmann, Daniel and Lexer, Christian},
  month = jun,
  year = {2016},
  pages = {2482-2498}
}

@article{shukerPatternsMaleSterility2005,
  title = {Patterns of Male Sterility in a Grasshopper Hybrid Zone Imply Accumulation of Hybrid Incompatibilities without Selection},
  volume = {272},
  issn = {0962-8452, 1471-2954},
  language = {english},
  number = {1580},
  journal = {Proceedings of the Royal Society B: Biological Sciences},
  doi = {10.1098/rspb.2005.3242},
  author = {Shuker, David M and Underwood, Karen and King, Tania M and Butlin, Roger K},
  month = dec,
  year = {2005},
  pages = {2491-2497}
}

@article{schilthuizenHaldaneRule21st2011,
  title = {Haldane's Rule in the 21st Century},
  volume = {107},
  issn = {0018-067X, 1365-2540},
  language = {english},
  number = {2},
  journal = {Heredity},
  doi = {10.1038/hdy.2010.170},
  author = {Schilthuizen, M and Giesbers, M C W G and Beukeboom, L W},
  month = aug,
  year = {2011},
  pages = {95-102}
}

@article{naisbitHybridSterilityHaldane,
  title = {Hybrid {{Sterility}}, {{Haldane}}'s {{Rule}} and {{Speciation}} in {{Heliconius}} Cydno and {{H}}. Melpomene},
  language = {english},
  author = {Naisbit, Russell E and Jiggins, Chris D and Linares, Mauricio and Salazar, Camilo and Mallet, James},
  pages = {10}
}

@article{carlingHaldaneRuleAvian2008,
  title = {Haldane's Rule in an Avian System: Using Cline Theory and Divergence Population Genetics to Test for Differential Introgression of Mitochondrial, Autosomal, and Sex-Linked Loci across the {\emph{Passerina}} Bunting Hybrid Zone},
  volume = {62},
  issn = {00143820, 15585646},
  shorttitle = {Haldane's Rule in an Avian System},
  language = {english},
  number = {10},
  journal = {Evolution},
  doi = {10.1111/j.1558-5646.2008.00477.x},
  author = {Carling, Matthew D. and Brumfield, Robb T.},
  month = oct,
  year = {2008},
  pages = {2600-2615}
}

@article{tamschickSexChromosomeConservation2014,
  title = {Sex {{Chromosome Conservation}}, {{DMRT1 Phylogeny}} and {{Gonad Morphology}} in {{Diploid Palearctic Green Toads}} ({{Bufo}} Viridis {{Subgroup}})},
  volume = {144},
  issn = {1424-8581, 1424-859X},
  language = {english},
  number = {4},
  journal = {Cytogenetic and Genome Research},
  doi = {10.1159/000380841},
  author = {Tamschick, Stephanie and {Rozenblut-Ko{\'s}cisty}, Beata and Bonato, Lucio and Dufresnes, Christophe and Lymberakis, Petros and Kloas, Werner and Ogielska, Maria and St{\"o}ck, Matthias},
  year = {2014},
  pages = {315-324}
}

@article{brelsfordHomologousSexChromosomes2013,
  title = {Homologous Sex Chromosomes in Three Deeply Divergent Anuran Species: Homologous Anuran Sex Chromosomes},
  volume = {67},
  issn = {00143820},
  shorttitle = {Homologous Sex Chromosomes in Three Deeply Divergent Anuran Species},
  language = {english},
  number = {8},
  journal = {Evolution},
  doi = {10.1111/evo.12151},
  author = {Brelsford, Alan and St{\"o}ck, Matthias and {Betto-Colliard}, Caroline and Dubey, Sylvain and Dufresnes, Christophe and {Jourdan-Pineau}, H{\'e}l{\`e}ne and Rodrigues, Nicolas and Savary, Romain and Sermier, Roberto and Perrin, Nicolas},
  month = aug,
  year = {2013},
  pages = {2434-2440}
}

@article{stockLowRatesXY2013,
  title = {Low Rates of {{X}}-{{Y}} Recombination, Not Turnovers, Account for Homomorphic Sex Chromosomes in Several Diploid Species of {{Palearctic}} Green Toads ( {{{\emph{Bufo}}}}{\emph{ Viridis}} Subgroup)},
  volume = {26},
  issn = {1010061X},
  language = {english},
  number = {3},
  journal = {Journal of Evolutionary Biology},
  doi = {10.1111/jeb.12086},
  author = {St{\"o}ck, M. and Savary, R. and {Betto-Colliard}, C. and Biollay, S. and {Jourdan-Pineau}, H. and Perrin, N.},
  month = mar,
  year = {2013},
  pages = {674-682}
}

@article{abramyanSexChromosomesCane2009,
  title = {Z and {{W}} Sex Chromosomes in the Cane Toad ({{Bufo}} Marinus)},
  volume = {17},
  issn = {0967-3849, 1573-6849},
  language = {english},
  number = {8},
  journal = {Chromosome Research},
  doi = {10.1007/s10577-009-9095-1},
  author = {Abramyan, John and Ezaz, Tariq and Graves, Jennifer A. Marshall and Koopman, Peter},
  month = dec,
  year = {2009},
  pages = {1015-1024}
}

@article{blairIntragroupGeneticCompatibility1963,
  title = {Intragroup Genetic Compatibility in the {{Bufo}} Americanus Species Group of Toads},
  volume = {13},
  journal = {Texas Journal of Science},
  author = {Blair, W Frank},
  year = {1963},
  pages = {163--175}
}

@article{volpeExperimentalNaturalHybridization1959,
  title = {Experimental and {{Natural Hybridization}} between {{Bufo}} Terrestris and {{Bufo}} Fowleri},
  volume = {61},
  issn = {00030031},
  language = {english},
  number = {2},
  journal = {American Midland Naturalist},
  doi = {10.2307/2422502},
  author = {Volpe, E. Peter},
  month = apr,
  year = {1959},
  pages = {295}
}

@article{volpePhysiologicalEvidenceNatural1952,
  title = {Physiological {{Evidence}} for {{Natural Hybridization}} of {{Bufo}} Americanus and {{Bufo}} Fowleri},
  volume = {6},
  issn = {00143820},
  language = {english},
  number = {4},
  journal = {Evolution},
  doi = {10.2307/2405702},
  author = {Volpe, E. Peter},
  month = dec,
  year = {1952},
  pages = {393}
}

@article{volpeIntensityReproductiveIsolation1955,
  title = {Intensity of {{Reproductive Isolation}} between {{Sympatric}} and {{Allopatric Populations}} of {{Bufo}} Americanus and {{Bufo}} Fowleri},
  volume = {89},
  language = {english},
  number = {848},
  journal = {The American Naturalist},
  author = {Volpe, E. Peter},
  year = {1955},
  pages = {303-317}
}

@article{fengPhylogenomicsRevealsRapid2017,
  title = {Phylogenomics Reveals Rapid, Simultaneous Diversification of Three Major Clades of {{Gondwanan}} Frogs at the {{Cretaceous}}\textendash{{Paleogene}} Boundary},
  volume = {114},
  issn = {0027-8424, 1091-6490},
  language = {english},
  number = {29},
  journal = {Proceedings of the National Academy of Sciences},
  doi = {10.1073/pnas.1704632114},
  author = {Feng, Yan-Jie and Blackburn, David C. and Liang, Dan and Hillis, David M. and Wake, David B. and Cannatella, David C. and Zhang, Peng},
  month = jul,
  year = {2017},
  pages = {E5864-E5870}
}

@article{gompertBgcSoftwareBayesian2012,
  title = {Bgc : {{Software}} for {{Bayesian}} Estimation of Genomic Clines},
  volume = {12},
  issn = {1755098X},
  shorttitle = {Bgc},
  language = {english},
  number = {6},
  journal = {Molecular Ecology Resources},
  doi = {10.1111/1755-0998.12009.x},
  author = {Gompert, Z. and Buerkle, C. A.},
  month = nov,
  year = {2012},
  pages = {1168-1176}
}

@article{maloneSterilityGeneExpression2007,
  title = {Sterility and {{Gene Expression}} in {{Hybrid Males}} of {{Xenopus}} Laevis and {{X}}. Muelleri},
  volume = {2},
  issn = {1932-6203},
  language = {english},
  number = {8},
  journal = {PLoS ONE},
  doi = {10.1371/journal.pone.0000781},
  author = {Malone, John H. and Chrzanowski, Thomas H. and Michalak, Pawel},
  editor = {Awadalla, Philip},
  month = aug,
  year = {2007},
  pages = {e781}
}

@article{malonePhysiologicalSexPredicts2008,
  title = {Physiological {{Sex Predicts Hybrid Sterility Regardless}} of {{Genotype}}},
  volume = {319},
  issn = {0036-8075, 1095-9203},
  language = {english},
  number = {5859},
  journal = {Science},
  doi = {10.1126/science.1148231},
  author = {Malone, J. H. and Michalak, P.},
  month = jan,
  year = {2008},
  pages = {59-59}
}

@article{kyrouCRISPRCas9Gene2018,
  title = {A {{CRISPR}}\textendash{{Cas9}} Gene Drive Targeting Doublesex Causes Complete Population Suppression in Caged {{Anopheles}} Gambiae Mosquitoes},
  volume = {36},
  issn = {1087-0156, 1546-1696},
  language = {english},
  number = {11},
  journal = {Nature Biotechnology},
  doi = {10.1038/nbt.4245},
  author = {Kyrou, Kyros and Hammond, Andrew M and Galizi, Roberto and Kranjc, Nace and Burt, Austin and Beaghton, Andrea K and Nolan, Tony and Crisanti, Andrea},
  month = nov,
  year = {2018},
  pages = {1062-1066}
}

@article{kumarEvolutionaryHistoryBears2017,
  title = {The Evolutionary History of Bears Is Characterized by Gene Flow across Species},
  volume = {7},
  issn = {2045-2322},
  language = {english},
  number = {1},
  journal = {Scientific Reports},
  doi = {10.1038/srep46487},
  author = {Kumar, Vikas and Lammers, Fritjof and Bidon, Tobias and Pfenninger, Markus and Kolter, Lydia and Nilsson, Maria A. and Janke, Axel},
  month = jun,
  year = {2017}
}

@article{paetzoldPhylogenyHawaiianMelicope2019,
  title = {Phylogeny of {{Hawaiian Melicope}} ({{Rutaceae}}): {{RAD}}-Seq {{Resolves Species Relationships}} and {{Reveals Ancient Introgression}}},
  volume = {10},
  issn = {1664-462X},
  shorttitle = {Phylogeny of {{Hawaiian Melicope}} ({{Rutaceae}})},
  language = {english},
  journal = {Frontiers in Plant Science},
  doi = {10.3389/fpls.2019.01074},
  author = {Paetzold, Claudia and Wood, Kenneth R. and Eaton, Deren A. R. and Wagner, Warren L. and Appelhans, Marc S.},
  month = sep,
  year = {2019}
}

@article{eatonInferringPhylogenyIntrogression2013,
  title = {Inferring {{Phylogeny}} and {{Introgression}} Using {{RADseq Data}}: {{An Example}} from {{Flowering Plants}} ({{Pedicularis}}: {{Orobanchaceae}})},
  volume = {62},
  issn = {1076-836X, 1063-5157},
  shorttitle = {Inferring {{Phylogeny}} and {{Introgression}} Using {{RADseq Data}}},
  language = {english},
  number = {5},
  journal = {Systematic Biology},
  doi = {10.1093/sysbio/syt032},
  author = {Eaton, Deren A. R. and Ree, Richard H.},
  month = sep,
  year = {2013},
  pages = {689-706}
}

@article{oaksFullBayesianComparative2019,
  title = {Full {{Bayesian Comparative Phylogeography}} from {{Genomic Data}}},
  volume = {68},
  issn = {1063-5157, 1076-836X},
  language = {english},
  number = {3},
  journal = {Systematic Biology},
  doi = {10.1093/sysbio/syy063},
  author = {Oaks, Jamie R},
  editor = {Kubatko, Laura},
  month = may,
  year = {2019},
  pages = {371-395}
}

@article{bryantInferringSpeciesTrees2012,
  title = {Inferring {{Species Trees Directly}} from {{Biallelic Genetic Markers}}: {{Bypassing Gene Trees}} in a {{Full Coalescent Analysis}}},
  volume = {29},
  issn = {1537-1719, 0737-4038},
  shorttitle = {Inferring {{Species Trees Directly}} from {{Biallelic Genetic Markers}}},
  language = {english},
  number = {8},
  journal = {Molecular Biology and Evolution},
  doi = {10.1093/molbev/mss086},
  author = {Bryant, David and Bouckaert, Remco and Felsenstein, Joseph and Rosenberg, Noah A. and RoyChoudhury, Arindam},
  month = aug,
  year = {2012},
  pages = {1917-1932}
}

@article{bouckaertBEASTSoftwarePlatform2014,
  title = {{{BEAST}} 2: {{A Software Platform}} for {{Bayesian Evolutionary Analysis}}},
  volume = {10},
  issn = {1553-7358},
  shorttitle = {{{BEAST}} 2},
  language = {english},
  number = {4},
  journal = {PLoS Computational Biology},
  doi = {10.1371/journal.pcbi.1003537},
  author = {Bouckaert, Remco and Heled, Joseph and K{\"u}hnert, Denise and Vaughan, Tim and Wu, Chieh-Hsi and Xie, Dong and Suchard, Marc A. and Rambaut, Andrew and Drummond, Alexei J.},
  editor = {Prlic, Andreas},
  month = apr,
  year = {2014},
  pages = {e1003537}
}

@article{nguyenIQTREEFastEffective2015,
  title = {{{IQ}}-{{TREE}}: {{A Fast}} and {{Effective Stochastic Algorithm}} for {{Estimating Maximum}}-{{Likelihood Phylogenies}}},
  volume = {32},
  issn = {1537-1719, 0737-4038},
  shorttitle = {{{IQ}}-{{TREE}}},
  language = {english},
  number = {1},
  journal = {Molecular Biology and Evolution},
  doi = {10.1093/molbev/msu300},
  author = {Nguyen, Lam-Tung and Schmidt, Heiko A. and {von Haeseler}, Arndt and Minh, Bui Quang},
  month = jan,
  year = {2015},
  pages = {268-274}
}

@article{katohMAFFTMultipleSequence2013,
  title = {{{MAFFT Multiple Sequence Alignment Software Version}} 7: {{Improvements}} in {{Performance}} and {{Usability}}},
  volume = {30},
  issn = {0737-4038, 1537-1719},
  shorttitle = {{{MAFFT Multiple Sequence Alignment Software Version}} 7},
  language = {english},
  number = {4},
  journal = {Molecular Biology and Evolution},
  doi = {10.1093/molbev/mst010},
  author = {Katoh, K. and Standley, D. M.},
  month = apr,
  year = {2013},
  pages = {772-780}
}

@article{pyronLargescalePhylogenyAmphibia2011,
  title = {A Large-Scale Phylogeny of {{Amphibia}} Including over 2800 Species, and a Revised Classification of Extant Frogs, Salamanders, and Caecilians},
  volume = {61},
  issn = {10557903},
  language = {english},
  number = {2},
  journal = {Molecular Phylogenetics and Evolution},
  doi = {10.1016/j.ympev.2011.06.012},
  author = {Pyron, Alexander R. and Wiens, John J.},
  month = nov,
  year = {2011},
  pages = {543-583}
}

@article{flourisBayesianImplementationMultispecies2019,
  title = {A {{Bayesian}} Implementation of the Multispecies Coalescent Model with Introgression for Comparative Genomic Analysis},
  language = {english},
  journal = {bioRxiv},
  doi = {10.1101/766741},
  author = {Flouris, Thomas and Jiao, Xiyun and Rannala, Bruce and Yang, Ziheng},
  month = sep,
  year = {2019}
}

@article{chakTERADExtractionTransposable2019,
  title = {{{TERAD}}: {{Extraction}} of Transposable Element Composition from {{RADseq}} Data},
  issn = {1755-098X, 1755-0998},
  shorttitle = {{{TERAD}}},
  language = {english},
  journal = {Molecular Ecology Resources},
  doi = {10.1111/1755-0998.13080},
  author = {Chak, Solomon T.C. and Rubenstein, Dustin R.},
  month = sep,
  year = {2019}
}

@article{andrewsHarnessingPowerRADseq2016,
  title = {Harnessing the Power of {{RADseq}} for Ecological and Evolutionary Genomics},
  volume = {17},
  issn = {1471-0056, 1471-0064},
  language = {english},
  number = {2},
  journal = {Nature Reviews Genetics},
  doi = {10.1038/nrg.2015.28},
  author = {Andrews, Kimberly R. and Good, Jeffrey M. and Miller, Michael R. and Luikart, Gordon and Hohenlohe, Paul A.},
  month = feb,
  year = {2016},
  pages = {81-92}
}

@article{ogilvieStarBEAST2BringsFaster2017,
  title = {{{StarBEAST2 Brings Faster Species Tree Inference}} and {{Accurate Estimates}} of {{Substitution Rates}}},
  volume = {34},
  issn = {0737-4038, 1537-1719},
  language = {english},
  number = {8},
  journal = {Molecular Biology and Evolution},
  doi = {10.1093/molbev/msx126},
  author = {Ogilvie, Huw A. and Bouckaert, Remco R. and Drummond, Alexei J.},
  month = aug,
  year = {2017},
  pages = {2101-2114}
}

@article{heledBayesianInferenceSpecies2010,
  title = {Bayesian {{Inference}} of {{Species Trees}} from {{Multilocus Data}}},
  volume = {27},
  issn = {0737-4038, 1537-1719},
  language = {english},
  number = {3},
  journal = {Molecular Biology and Evolution},
  doi = {10.1093/molbev/msp274},
  author = {Heled, J. and Drummond, A. J.},
  month = mar,
  year = {2010},
  pages = {570-580}
}

@article{maddisonInferringPhylogenyIncomplete2006,
  title = {Inferring {{Phylogeny Despite Incomplete Lineage Sorting}}},
  volume = {55},
  issn = {1076-836X, 1063-5157},
  language = {english},
  number = {1},
  journal = {Systematic Biology},
  doi = {10.1080/10635150500354928},
  author = {Maddison, Wayne P. and Knowles, L. Lacey},
  editor = {Collins, Tim},
  month = feb,
  year = {2006},
  pages = {21-30}
}

@article{arntzenHybridZoneFormation2017,
  title = {Hybrid Zone Formation and Contrasting Outcomes of Secondary Contact over Transects in Common Toads},
  volume = {26},
  issn = {09621083},
  language = {english},
  number = {20},
  journal = {Molecular Ecology},
  doi = {10.1111/mec.14273},
  author = {Arntzen, Jan W. and {de Vries}, Wouter and Canestrelli, Daniele and {Mart{\'i}nez-Solano}, I{\~n}igo},
  month = oct,
  year = {2017},
  pages = {5663-5675}
}

@article{malmosCallingBehaviorDirectional2007,
  title = {Calling Behavior and Directional Hybridization between Two Toads (Bufo Microscaphus x b. Woodhousii) in Arizona},
  volume = {55},
  issn = {00143820},
  language = {english},
  number = {3},
  journal = {Evolution},
  doi = {10.1111/j.0014-3820.2001.tb00795.x},
  author = {Malmos, Keith B. and Sullivan, Brian K. and Lamb, Trip},
  month = may,
  year = {2007},
  pages = {626-630}
}

@article{stockVertebrateReproductiveSystem2009,
  title = {A Vertebrate Reproductive System Involving Three Ploidy Levels: Hybrid Origin of Triploids in a Contact Zone of Diploid and Tetraploid Palearctic Green Toads (Bufo Viridis Subgroup)*: Hybridization of Diploid and Tetraploid Green Toads},
  volume = {64},
  issn = {00143820},
  shorttitle = {A Vertebrate Reproductive System Involving Three Ploidy Levels},
  language = {english},
  number = {4},
  journal = {Evolution},
  doi = {10.1111/j.1558-5646.2009.00876.x},
  author = {St{\"o}ck, Matthias and Ustinova, Jana and Lamatsch, Dunja K. and Schartl, Manfred and Perrin, Nicolas and Moritz, Craig},
  month = oct,
  year = {2009},
  pages = {944-959}
}

@article{wangCrossDecadesStability2019,
  title = {Cross-decades Stability of an Avian Hybrid Zone},
  issn = {1010-061X, 1420-9101},
  language = {english},
  journal = {Journal of Evolutionary Biology},
  doi = {10.1111/jeb.13524},
  author = {Wang, Silu and Rohwer, Sievert and Delmore, Kira and Irwin, Darren E.},
  month = aug,
  year = {2019}
}

@article{vanriemsdijkSpatialVariationIntrogression2019a,
  title = {Spatial Variation in Introgression along a Toad Hybrid Zone in {{France}}},
  language = {english},
  journal = {bioRxiv},
  doi = {10.1101/746073},
  author = {{van Riemsdijk}, I. and Arntzen, J.W. and Bucciarelli, G. and {McCartney-Melstad}, E. and Rafajlovi{\'c}, M. and Scott, P.A. and Toffelmier, E. and Shaffer, H. B. and Wielstra, B.},
  month = aug,
  year = {2019}
}

@article{riemsdijkTestingHypothesisHybrid2019,
  title = {Testing an Hypothesis of Hybrid Zone Movement for Toads in {{France}}},
  volume = {28},
  issn = {0962-1083, 1365-294X},
  language = {english},
  number = {5},
  journal = {Molecular Ecology},
  doi = {10.1111/mec.15005},
  author = {Riemsdijk, Isolde and Butlin, Roger K. and Wielstra, Ben and Arntzen, Jan W.},
  month = mar,
  year = {2019},
  pages = {1070-1083}
}

@article{dacostaAmplificationBiasesConsistent2014,
  title = {Amplification {{Biases}} and {{Consistent Recovery}} of {{Loci}} in a {{Double}}-{{Digest RAD}}-Seq {{Protocol}}},
  volume = {9},
  issn = {1932-6203},
  language = {english},
  number = {9},
  journal = {PLoS ONE},
  doi = {10.1371/journal.pone.0106713},
  author = {DaCosta, Jeffrey M. and Sorenson, Michael D.},
  editor = {Antoniewski, Christophe},
  month = sep,
  year = {2014},
  pages = {e106713}
}

@article{andrewsTradeoffsUtilityAlternative2014,
  title = {Trade-Offs and Utility of Alternative {{RADseq}} Methods: {{Reply}} to {{Puritz}} {\emph{et Al}} .},
  volume = {23},
  issn = {09621083},
  shorttitle = {Trade-Offs and Utility of Alternative {{RADseq}} Methods},
  language = {english},
  number = {24},
  journal = {Molecular Ecology},
  doi = {10.1111/mec.12964},
  author = {Andrews, Kimberly R. and Hohenlohe, Paul A. and Miller, Michael R. and Hand, Brian K. and Seeb, James E. and Luikart, Gordon},
  month = dec,
  year = {2014},
  pages = {5943-5946}
}

@article{cariouHowHowMuch2016,
  title = {How and How Much Does {{RAD}}-Seq Bias Genetic Diversity Estimates?},
  volume = {16},
  issn = {1471-2148},
  language = {english},
  number = {1},
  journal = {BMC Evolutionary Biology},
  doi = {10.1186/s12862-016-0791-0},
  author = {Cariou, Marie and Duret, Laurent and Charlat, Sylvain},
  month = dec,
  year = {2016}
}

@article{gautierEffectRADAllele2013,
  title = {The Effect of {{RAD}} Allele Dropout on the Estimation of Genetic Variation within and between Populations},
  volume = {22},
  issn = {09621083},
  language = {english},
  number = {11},
  journal = {Molecular Ecology},
  doi = {10.1111/mec.12089},
  author = {Gautier, Mathieu and Gharbi, Karim and Cezard, Timothee and Foucaud, Julien and Kerdelhu{\'e}, Carole and Pudlo, Pierre and Cornuet, Jean-Marie and Estoup, Arnaud},
  month = jun,
  year = {2013},
  pages = {3165-3178}
}

@article{xuChallengesSpeciesTree2016,
  title = {Challenges in {{Species Tree Estimation Under}} the {{Multispecies Coalescent Model}}},
  volume = {204},
  issn = {0016-6731, 1943-2631},
  language = {english},
  number = {4},
  journal = {Genetics},
  doi = {10.1534/genetics.116.190173},
  author = {Xu, Bo and Yang, Ziheng},
  month = dec,
  year = {2016},
  pages = {1353-1368}
}

@article{jonesAlgorithmicImprovementsSpecies2017,
  title = {Algorithmic Improvements to Species Delimitation and Phylogeny Estimation under the Multispecies Coalescent},
  volume = {74},
  issn = {0303-6812, 1432-1416},
  language = {english},
  number = {1-2},
  journal = {Journal of Mathematical Biology},
  doi = {10.1007/s00285-016-1034-0},
  author = {Jones, Graham},
  month = jan,
  year = {2017},
  pages = {447-467}
}

@article{reidPoorFitMultispecies2014,
  title = {Poor {{Fit}} to the {{Multispecies Coalescent}} Is {{Widely Detectable}} in {{Empirical Data}}},
  volume = {63},
  issn = {1076-836X, 1063-5157},
  language = {english},
  number = {3},
  journal = {Systematic Biology},
  doi = {10.1093/sysbio/syt057},
  author = {Reid, Noah M. and Hird, Sarah M. and Brown, Jeremy M. and Pelletier, Tara A. and McVay, John D. and Satler, Jordan D. and Carstens, Bryan C.},
  month = may,
  year = {2014},
  pages = {322-333}
}

@article{jonesDISSECTAssignmentfreeBayesian2015,
  title = {{{DISSECT}}: An Assignment-Free {{Bayesian}} Discovery Method for Species Delimitation under the Multispecies Coalescent},
  volume = {31},
  issn = {1460-2059, 1367-4803},
  shorttitle = {{{DISSECT}}},
  language = {english},
  number = {7},
  journal = {Bioinformatics},
  doi = {10.1093/bioinformatics/btu770},
  author = {Jones, Graham and Aydin, Zeynep and Oxelman, Bengt},
  month = apr,
  year = {2015},
  pages = {991-998}
}

@article{degnanGeneTreeDiscordance2009,
  title = {Gene Tree Discordance, Phylogenetic Inference and the Multispecies Coalescent},
  volume = {24},
  issn = {01695347},
  language = {english},
  number = {6},
  journal = {Trends in Ecology \& Evolution},
  doi = {10.1016/j.tree.2009.01.009},
  author = {Degnan, James H. and Rosenberg, Noah A.},
  month = jun,
  year = {2009},
  pages = {332-340}
}

@article{zwicklIncreasedTaxonSampling2002,
  title = {Increased {{Taxon Sampling Greatly Reduces Phylogenetic Error}}},
  volume = {51},
  issn = {1076-836X, 1063-5157},
  language = {english},
  number = {4},
  journal = {Systematic Biology},
  doi = {10.1080/10635150290102339},
  author = {Zwickl, Derrick J. and Hillis, David M.},
  editor = {Crandall, Keith},
  month = jul,
  year = {2002},
  pages = {588-598}
}

@article{harrisonHybridizationIntrogressionNature2014,
  title = {Hybridization, {{Introgression}}, and the {{Nature}} of {{Species Boundaries}}},
  volume = {105},
  issn = {0022-1503, 1465-7333},
  language = {english},
  number = {S1},
  journal = {Journal of Heredity},
  doi = {10.1093/jhered/esu033},
  author = {Harrison, Richard G. and Larson, Erica L.},
  month = dec,
  year = {2014},
  pages = {795-809}
}

@article{somCausesConsequencesSolutions2015,
  title = {Causes, Consequences and Solutions of Phylogenetic Incongruence},
  volume = {16},
  issn = {1467-5463, 1477-4054},
  language = {english},
  number = {3},
  journal = {Briefings in Bioinformatics},
  doi = {10.1093/bib/bbu015},
  author = {Som, A.},
  month = may,
  year = {2015},
  pages = {536-548}
}

@article{rochLikelihoodbasedTreeReconstruction2015,
  title = {Likelihood-Based Tree Reconstruction on a Concatenation of Aligned Sequence Data Sets Can Be Statistically Inconsistent},
  volume = {100},
  issn = {00405809},
  language = {english},
  journal = {Theoretical Population Biology},
  doi = {10.1016/j.tpb.2014.12.005},
  author = {Roch, Sebastien and Steel, Mike},
  month = mar,
  year = {2015},
  pages = {56-62}
}

@article{pamiloRelationshipsGeneTrees1988,
  title = {Relationships between {{Gene Trees}} and {{Species Trees}}},
  volume = {5},
  language = {english},
  number = {5},
  journal = {Molecular Biology and Evolution},
  author = {Pamilo, Pekka and Nei, Masatoshi},
  year = {1988},
  pages = {568-583}
}

@article{kubatkoInconsistencyPhylogeneticEstimates2007,
  title = {Inconsistency of {{Phylogenetic Estimates}} from {{Concatenated Data}} under {{Coalescence}}},
  volume = {56},
  issn = {1076-836X, 1063-5157},
  language = {english},
  number = {1},
  journal = {Systematic Biology},
  doi = {10.1080/10635150601146041},
  author = {Kubatko, Laura Salter and Degnan, James H.},
  editor = {Collins, Tim},
  month = feb,
  year = {2007},
  pages = {17-24}
}

@article{edwardsNewGeneralTheory2009,
  title = {Is a New and General Theory of Molecular Systematics Emerging?},
  volume = {63},
  issn = {00143820, 15585646},
  language = {english},
  number = {1},
  journal = {Evolution},
  doi = {10.1111/j.1558-5646.2008.00549.x},
  author = {Edwards, Scott V.},
  month = jan,
  year = {2009},
  pages = {1-19}
}

@article{longEffectGeneFlow2018,
  title = {The {{Effect}} of {{Gene Flow}} on {{Coalescent}}-Based {{Species}}-{{Tree Inference}}},
  volume = {67},
  issn = {1063-5157, 1076-836X},
  language = {english},
  number = {5},
  journal = {Systematic Biology},
  doi = {10.1093/sysbio/syy020},
  author = {Long, Colby and Kubatko, Laura},
  editor = {Ane, Cecile},
  month = sep,
  year = {2018},
  pages = {770-785}
}

@article{leacheInfluenceGeneFlow2014,
  title = {The {{Influence}} of {{Gene Flow}} on {{Species Tree Estimation}}: {{A Simulation Study}}},
  volume = {63},
  issn = {1076-836X, 1063-5157},
  shorttitle = {The {{Influence}} of {{Gene Flow}} on {{Species Tree Estimation}}},
  language = {english},
  number = {1},
  journal = {Systematic Biology},
  doi = {10.1093/sysbio/syt049},
  author = {Leach{\'e}, Adam D. and Harris, Rebecca B. and Rannala, Bruce and Yang, Ziheng},
  month = jan,
  year = {2014},
  pages = {17-30}
}

@article{ringbauerEstimatingBarriersGene2018,
  title = {Estimating {{Barriers}} to {{Gene Flow}} from {{Distorted Isolation}}-by-{{Distance Patterns}}},
  volume = {208},
  issn = {0016-6731, 1943-2631},
  language = {english},
  number = {3},
  journal = {Genetics},
  doi = {10.1534/genetics.117.300638},
  author = {Ringbauer, Harald and Kolesnikov, Alexander and Field, David L. and Barton, Nicholas H.},
  month = mar,
  year = {2018},
  pages = {1231-1245}
}

@article{moralesConcordantDivergenceMitogenomes2018,
  title = {Concordant Divergence of Mitogenomes and a Mitonuclear Gene Cluster in Bird Lineages Inhabiting Different Climates},
  volume = {2},
  issn = {2397-334X},
  language = {english},
  number = {8},
  journal = {Nature Ecology \& Evolution},
  doi = {10.1038/s41559-018-0606-3},
  author = {Morales, Hern{\'a}n E. and Pavlova, Alexandra and Amos, Nevil and Major, Richard and Kilian, Andrzej and Greening, Chris and Sunnucks, Paul},
  month = aug,
  year = {2018},
  pages = {1258-1267}
}

@article{telschowGeneticIncompatibilitiesMitochondria2019,
  title = {Genetic {{Incompatibilities Between Mitochondria}} and {{Nuclear Genes}}: {{Effect}} on {{Gene Flow}} and {{Speciation}}},
  volume = {10},
  issn = {1664-8021},
  shorttitle = {Genetic {{Incompatibilities Between Mitochondria}} and {{Nuclear Genes}}},
  language = {english},
  journal = {Frontiers in Genetics},
  doi = {10.3389/fgene.2019.00062},
  author = {Telschow, Arndt and Gadau, J{\"u}rgen and Werren, John H. and Kobayashi, Yutaka},
  month = feb,
  year = {2019}
}

@article{solis-lemusInconsistencySpeciesTree2016,
  title = {Inconsistency of {{Species Tree Methods}} under {{Gene Flow}}},
  volume = {65},
  issn = {1063-5157, 1076-836X},
  language = {english},
  number = {5},
  journal = {Systematic Biology},
  doi = {10.1093/sysbio/syw030},
  author = {{Sol{\'i}s-Lemus}, Claudia and Yang, Mengyao and An{\'e}, C{\'e}cile},
  month = sep,
  year = {2016},
  pages = {843-851}
}

@article{lemeyPhylogeographyTakesRelaxed2010,
  title = {Phylogeography {{Takes}} a {{Relaxed Random Walk}} in {{Continuous Space}} and {{Time}}},
  volume = {27},
  issn = {0737-4038, 1537-1719},
  language = {english},
  number = {8},
  journal = {Molecular Biology and Evolution},
  doi = {10.1093/molbev/msq067},
  author = {Lemey, P. and Rambaut, A. and Welch, J. J. and Suchard, M. A.},
  month = aug,
  year = {2010},
  pages = {1877-1885}
}

@article{wenInferringPhylogeneticNetworks2018,
  title = {Inferring {{Phylogenetic Networks Using PhyloNet}}},
  volume = {67},
  issn = {1063-5157, 1076-836X},
  language = {english},
  number = {4},
  journal = {Systematic Biology},
  doi = {10.1093/sysbio/syy015},
  author = {Wen, Dingqiao and Yu, Yun and Zhu, Jiafan and Nakhleh, Luay},
  editor = {Posada, David},
  month = jul,
  year = {2018},
  pages = {735-740}
}

@article{chifmanQuartetInferenceSNP2014,
  title = {Quartet {{Inference}} from {{SNP Data Under}} the {{Coalescent Model}}},
  volume = {30},
  issn = {1460-2059, 1367-4803},
  language = {english},
  number = {23},
  journal = {Bioinformatics},
  doi = {10.1093/bioinformatics/btu530},
  author = {Chifman, Julia and Kubatko, Laura},
  month = dec,
  year = {2014},
  pages = {3317-3324}
}

@article{wascherConsistencySVDQuartetsMaximum2019,
  title = {Consistency of {{SVDQuartets}} and {{Maximum Likelihood}} for {{Coalescent}}-Based {{Species Tree Estimation}}},
  language = {english},
  journal = {bioRxiv},
  doi = {10.1101/523050},
  author = {Wascher, Matthew and Kubatko, Laura},
  month = jan,
  year = {2019}
}

@article{elgvinGenomicMosaicismHybrid2017,
  title = {The Genomic Mosaicism of Hybrid Speciation},
  volume = {3},
  issn = {2375-2548},
  language = {english},
  number = {6},
  journal = {Science Advances},
  doi = {10.1126/sciadv.1602996},
  author = {Elgvin, Tore O. and Trier, Cassandra N. and T{\o}rresen, Ole K. and Hagen, Ingerid J. and Lien, Sigbj{\o}rn and Nederbragt, Alexander J. and Ravinet, Mark and Jensen, Henrik and S{\ae}tre, Glenn-Peter},
  month = jun,
  year = {2017},
  pages = {e1602996}
}

@article{laurieWeakerSexHterogametic,
  title = {The Weaker Sex Is Hterogametic: 75 Years of {{Haldane}}'s Rule},
  volume = {147},
  journal = {Genetics},
  author = {Laurie, Cath C.},
  pages = {937-951}
}

@misc{Feng2017Phylogenomics,
  title = {Feng et al. - 2017 - {{Phylogenomics}} Reveals Rapid, Simultaneous Diversification of Three Major Clades of {{Gondwanan}} Frogs at the {{Cretace}}.Pdf}
}

@article{hudsonGeneGenealogiesCoalescent1990,
  title = {Gene Genealogies and the Coalescent Process},
  volume = {7},
  number = {1},
  journal = {Oxford surveys in evolutionary biology},
  author = {Hudson, Richard R.},
  year = {1990},
  pages = {44}
}

@article{payseurGenomicPerspectiveHybridization2016,
  title = {A Genomic Perspective on Hybridization and Speciation},
  volume = {25},
  issn = {09621083},
  language = {english},
  number = {11},
  journal = {Molecular Ecology},
  doi = {10.1111/mec.13557},
  author = {Payseur, Bret A. and Rieseberg, Loren H.},
  month = jun,
  year = {2016},
  pages = {2337-2360}
}

@article{martinEvaluatingUseABBA2015,
  title = {Evaluating the {{Use}} of {{ABBA}}\textendash{{BABA Statistics}} to {{Locate Introgressed Loci}}},
  volume = {32},
  issn = {1537-1719, 0737-4038},
  language = {english},
  number = {1},
  journal = {Molecular Biology and Evolution},
  doi = {10.1093/molbev/msu269},
  author = {Martin, Simon H. and Davey, John W. and Jiggins, Chris D.},
  month = jan,
  year = {2015},
  pages = {244-257}
}

@article{rheindtIntrogressionPhenotypicAssimilation2014,
  title = {Introgression and {{Phenotypic Assimilation}} in {{Zimmerius Flycatchers}} ({{Tyrannidae}}): {{Population Genetic}} and {{Phylogenetic Inferences}} from {{Genome}}-{{Wide SNPs}}},
  volume = {63},
  issn = {1076-836X, 1063-5157},
  shorttitle = {Introgression and {{Phenotypic Assimilation}} in {{Zimmerius Flycatchers}} ({{Tyrannidae}})},
  language = {english},
  number = {2},
  journal = {Systematic Biology},
  doi = {10.1093/sysbio/syt070},
  author = {Rheindt, Frank E. and Fujita, Matthew K. and Wilton, Peter R. and Edwards, Scott V.},
  month = mar,
  year = {2014},
  pages = {134-152}
}

@article{thanPhyloNetSoftwarePackage2008,
  title = {{{PhyloNet}}: A Software Package for Analyzing and Reconstructing Reticulate Evolutionary Relationships},
  volume = {9},
  issn = {1471-2105},
  shorttitle = {{{PhyloNet}}},
  language = {english},
  number = {1},
  journal = {BMC Bioinformatics},
  doi = {10.1186/1471-2105-9-322},
  author = {Than, Cuong and Ruths, Derek and Nakhleh, Luay},
  month = dec,
  year = {2008}
}

@article{yangBPPProgramSpecies2015,
  title = {The {{BPP}} Program for Species Tree Estimation and Species Delimitation},
  volume = {61},
  issn = {1674-5507, 2396-9814},
  language = {english},
  number = {5},
  journal = {Current Zoology},
  doi = {10.1093/czoolo/61.5.854},
  author = {Yang, Ziheng},
  month = oct,
  year = {2015},
  pages = {854-865}
}

@article{rannalaEfficientBayesianSpecies2017,
  title = {Efficient {{Bayesian}} Species Tree Inference under the Multispecies Coalescent},
  issn = {1063-5157, 1076-836X},
  language = {english},
  journal = {Systematic Biology},
  doi = {10.1093/sysbio/syw119},
  author = {Rannala, Bruce and Yang, Ziheng},
  month = jan,
  year = {2017},
  pages = {syw119}
}

@article{pritchardInferencePopulationStructure2000,
  title = {Inference of {{Population Structure Using Multilocus Genotype Data}}},
  volume = {155},
  language = {english},
  journal = {Genetics},
  author = {Pritchard, Jonathan K and Stephens, Matthew and Donnelly, Peter},
  year = {2000},
  pages = {945-959}
}

@article{peaseDetectionPolarizationIntrogression2015,
  title = {Detection and {{Polarization}} of {{Introgression}} in a {{Five}}-{{Taxon Phylogeny}}},
  volume = {64},
  issn = {1076-836X, 1063-5157},
  language = {english},
  number = {4},
  journal = {Systematic Biology},
  doi = {10.1093/sysbio/syv023},
  author = {Pease, James B. and Hahn, Matthew W.},
  month = jul,
  year = {2015},
  pages = {651-662}
}

@article{landisBiogeographicDatingSpeciation2016,
  title = {Biogeographic {{Dating}} of {{Speciation Times Using Paleogeographically Informed Processes}}},
  issn = {1063-5157, 1076-836X},
  language = {english},
  journal = {Systematic Biology},
  doi = {10.1093/sysbio/syw040},
  author = {Landis, Michael J.},
  month = may,
  year = {2016},
  pages = {syw040}
}

@article{hickersonTestSimultaneousDivergence2006,
  title = {Test for Simultaneous Divergence Using Approximate Bayesian Computation},
  volume = {60},
  issn = {0014-3820, 1558-5646},
  language = {english},
  number = {12},
  journal = {Evolution},
  doi = {10.1111/j.0014-3820.2006.tb01880.x},
  author = {Hickerson, Michael J. and Stahl, Eli A. and Lessios, H. A.},
  month = dec,
  year = {2006},
  pages = {2435-2453}
}

@article{hickersonMsBayesPipelineTesting2007,
  title = {{{msBayes}}: {{Pipeline}} for Testing Comparative Phylogeographic Histories Using Hierarchical Approximate {{Bayesian}} Computation},
  volume = {8},
  issn = {1471-2105},
  shorttitle = {{{msBayes}}},
  language = {english},
  number = {1},
  journal = {BMC Bioinformatics},
  doi = {10.1186/1471-2105-8-268},
  author = {Hickerson, Michael J and Stahl, Eli and Takebayashi, Naoki},
  month = dec,
  year = {2007}
}

@article{oaksImprovedApproximateBayesianModelchoice2014,
  title = {An Improved Approximate-{{Bayesian}} Model-Choice Method for Estimating Shared Evolutionary History},
  volume = {14},
  issn = {1471-2148},
  language = {english},
  number = {1},
  journal = {BMC Evolutionary Biology},
  doi = {10.1186/1471-2148-14-150},
  author = {Oaks, Jamie R},
  year = {2014},
  pages = {150}
}

@article{chanDetectingConcertedDemographic2014,
  title = {Detecting {{Concerted Demographic Response}} across {{Community Assemblages Using Hierarchical Approximate Bayesian Computation}}},
  volume = {31},
  issn = {1537-1719, 0737-4038},
  language = {english},
  number = {9},
  journal = {Molecular Biology and Evolution},
  doi = {10.1093/molbev/msu187},
  author = {Chan, Yvonne L. and Schanzenbach, David and Hickerson, Michael J.},
  month = sep,
  year = {2014},
  pages = {2501-2515}
}

@article{xueAggregateSiteFrequency2016,
  title = {The Aggregate Site Frequency Spectrum ({{aSFS}}) for Comparative Population Genomic Inference},
  language = {english},
  author = {Xue, Alexander T and Hickerson, Michael J},
  year = {2016},
  pages = {31}
}

@article{drummondBayesianCoalescentInference2005,
  title = {Bayesian {{Coalescent Inference}} of {{Past Population Dynamics}} from {{Molecular Sequences}}},
  volume = {22},
  issn = {0737-4038, 1537-1719},
  language = {english},
  number = {5},
  journal = {Molecular Biology and Evolution},
  doi = {10.1093/molbev/msi103},
  author = {Drummond, A. J.},
  month = feb,
  year = {2005},
  pages = {1185-1192}
}

@article{burbrinkAsynchronousDemographicResponses2016,
  title = {Asynchronous Demographic Responses to {{Pleistocene}} Climate Change in {{Eastern Nearctic}} Vertebrates},
  volume = {19},
  issn = {1461023X},
  language = {english},
  number = {12},
  journal = {Ecology Letters},
  doi = {10.1111/ele.12695},
  author = {Burbrink, Frank T. and Chan, Yvonne L. and Myers, Edward A. and Ruane, Sara and Smith, Brian Tilston and Hickerson, Michael J.},
  editor = {Sgro, Carla},
  month = dec,
  year = {2016},
  pages = {1457-1467}
}

@article{geharaEstimatingSynchronousDemographic2017,
  title = {Estimating Synchronous Demographic Changes across Populations Using {{hABC}} and Its Application for a Herpetological Community from Northeastern {{Brazil}}},
  volume = {26},
  issn = {09621083},
  language = {english},
  number = {18},
  journal = {Molecular Ecology},
  doi = {10.1111/mec.14239},
  author = {Gehara, Marcelo and Garda, Adrian A. and Werneck, Fernanda P. and Oliveira, Eliana F. and {da Fonseca}, Emanuel M. and Camurugi, Felipe and Magalh{\~a}es, Felipe de M. and Lanna, Fl{\'a}via M. and Sites, Jack W. and Marques, Ricardo and {Silveira-Filho}, Ricardo and S{\~a}o Pedro, Vin{\'i}cius A. and Colli, Guarino R. and Costa, Gabriel C. and Burbrink, Frank T.},
  month = sep,
  year = {2017},
  pages = {4756-4771}
}

@incollection{leeInferringPhylogeneticHistory2015,
  address = {{Germany}},
  title = {Inferring Phylogenetic History from Restriction Site Associated {{DNA}} ({{RADseq}})},
  booktitle = {Next-{{Generation Sequencing}} in {{Plant Systematics}}},
  publisher = {{Koeltz Scientific Books}},
  author = {Lee, Richard H. and Hipp, Andrew L.},
  year = {2015},
  pages = {181-204}
}

@article{lanierHowLowCan2014,
  title = {How Low Can You Go? {{The}} Effects of Mutation Rate on the Accuracy of Species-Tree Estimation},
  volume = {70},
  issn = {10557903},
  shorttitle = {How Low Can You Go?},
  language = {english},
  journal = {Molecular Phylogenetics and Evolution},
  doi = {10.1016/j.ympev.2013.09.006},
  author = {Lanier, Hayley C. and Huang, Huateng and Knowles, L. Lacey},
  month = jan,
  year = {2014},
  pages = {112-119}
}

@article{xiGenesMinimalPhylogenetic2015,
  title = {Genes with Minimal Phylogenetic Information Are Problematic for Coalescent Analyses When Gene Tree Estimation Is Biased},
  volume = {92},
  issn = {10557903},
  language = {english},
  journal = {Molecular Phylogenetics and Evolution},
  doi = {10.1016/j.ympev.2015.06.009},
  author = {Xi, Zhenxiang and Liu, Liang and Davis, Charles C.},
  month = nov,
  year = {2015},
  pages = {63-71}
}

@article{liuSpeciesTreesGene2007,
  title = {Species {{Trees}} from {{Gene Trees}}: {{Reconstructing Bayesian Posterior Distributions}} of a {{Species Phylogeny Using Estimated Gene Tree Distributions}}},
  volume = {56},
  issn = {1076-836X, 1063-5157},
  shorttitle = {Species {{Trees}} from {{Gene Trees}}},
  language = {english},
  number = {3},
  journal = {Systematic Biology},
  doi = {10.1080/10635150701429982},
  author = {Liu, Liang and Pearl, Dennis K.},
  editor = {Buckley, Thomas},
  month = jun,
  year = {2007},
  pages = {504-514}
}

@article{ogilvieInferringSpeciesTrees2018,
  title = {Inferring {{Species Trees Using Integrative Models}} of {{Species Evolution}}},
  language = {english},
  journal = {bioRxiv},
  doi = {10.1101/242875},
  author = {Ogilvie, Huw A. and Vaughan, Timothy G. and Matzke, Nicholas J. and Slater, Graham J. and Stadler, Tanja and Welch, David and Drummond, Alexei J.},
  month = jan,
  year = {2018}
}

@article{sukumaranDendroPyPythonLibrary2010,
  title = {{{DendroPy}}: A {{Python}} Library for Phylogenetic Computing},
  volume = {26},
  issn = {1367-4803, 1460-2059},
  shorttitle = {{{DendroPy}}},
  language = {english},
  number = {12},
  journal = {Bioinformatics},
  doi = {10.1093/bioinformatics/btq228},
  author = {Sukumaran, J. and Holder, M. T.},
  month = jun,
  year = {2010},
  pages = {1569-1571}
}

@article{rambautSeqGenApplicationMonte1997,
  title = {Seq-{{Gen}}: An Application for the {{Monte Carlo}} Simulation of {{DNA}} Sequence Evolution along Phylogenetic Trees},
  volume = {13},
  issn = {1367-4803, 1460-2059},
  shorttitle = {Seq-{{Gen}}},
  language = {english},
  number = {3},
  journal = {Bioinformatics},
  doi = {10.1093/bioinformatics/13.3.235},
  author = {Rambaut, Andrew and Grass, Nicholas C.},
  year = {1997},
  pages = {235-238}
}

@article{rannalaBayesEstimationSpecies2003,
  title = {Bayes {{Estimation}} of {{Species Divergence Times}} and {{Ancestral Population Sizes Using DNA Sequences From Multiple Loci}}},
  volume = {164},
  journal = {Genetics},
  author = {Rannala, Bruce and Yang, Ziheng},
  year = {2003},
  pages = {1645-1656}
}

@article{leacheUtilitySingleNucleotide2017,
  title = {The {{Utility}} of {{Single Nucleotide Polymorphism}} ({{SNP}}) {{Data}} in {{Phylogenetics}}},
  volume = {48},
  issn = {1543-592X, 1545-2069},
  language = {english},
  number = {1},
  journal = {Annual Review of Ecology, Evolution, and Systematics},
  doi = {10.1146/annurev-ecolsys-110316-022645},
  author = {Leach{\'e}, Adam D. and Oaks, Jamie R.},
  month = nov,
  year = {2017},
  pages = {69-84}
}

@article{maioPoMoAlleleFrequencyBased2015,
  title = {{{PoMo}}: {{An Allele Frequency}}-{{Based Approach}} for {{Species Tree Estimation}}},
  volume = {64},
  language = {english},
  journal = {Systematic Biology},
  author = {Maio, Nicola De and Schrempf, Dominik and Kosiol, Carolin},
  year = {2015},
  pages = {14}
}

@article{daveySpecialFeaturesRAD2013,
  title = {Special Features of {{RAD Sequencing}} Data: Implications for Genotyping},
  volume = {22},
  issn = {09621083},
  shorttitle = {Special Features of {{RAD Sequencing}} Data},
  language = {english},
  number = {11},
  journal = {Molecular Ecology},
  doi = {10.1111/mec.12084},
  author = {Davey, John W. and Cezard, Timoth{\'e}e and {Fuentes-Utrilla}, Pablo and Eland, Cathlene and Gharbi, Karim and Blaxter, Mark L.},
  month = jun,
  year = {2013},
  pages = {3151-3164}
}

@article{heledSimulatingGeneTrees2013,
  title = {Simulating Gene Trees under the Multispecies Coalescent and Time-Dependent Migration},
  volume = {13},
  issn = {1471-2148},
  language = {english},
  number = {1},
  journal = {BMC Evolutionary Biology},
  doi = {10.1186/1471-2148-13-44},
  author = {Heled, Joseph and Bryant, David and Drummond, Alexei J},
  year = {2013},
  pages = {44}
}

@article{leacheShortTreeLong2015,
  title = {Short {{Tree}}, {{Long Tree}}, {{Right Tree}}, {{Wrong Tree}}: {{New Acquisition Bias Corrections}} for {{Inferring SNP Phylogenies}}},
  volume = {64},
  issn = {1063-5157, 1076-836X},
  shorttitle = {Short {{Tree}}, {{Long Tree}}, {{Right Tree}}, {{Wrong Tree}}},
  language = {english},
  number = {6},
  journal = {Systematic Biology},
  doi = {10.1093/sysbio/syv053},
  author = {Leach{\'e}, Adam D. and Banbury, Barbara L. and Felsenstein, Joseph and nieto-Montes {de Oca}, Adri{\'a}n and Stamatakis, Alexandros},
  month = nov,
  year = {2015},
  pages = {1032-1047}
}

@article{bairdRapidSNPDiscovery2008,
  title = {Rapid {{SNP Discovery}} and {{Genetic Mapping Using Sequenced RAD Markers}}},
  volume = {3},
  issn = {1932-6203},
  language = {english},
  number = {10},
  journal = {PLoS ONE},
  doi = {10.1371/journal.pone.0003376},
  author = {Baird, Nathan A. and Etter, Paul D. and Atwood, Tressa S. and Currey, Mark C. and Shiver, Anthony L. and Lewis, Zachary A. and Selker, Eric U. and Cresko, William A. and Johnson, Eric A.},
  editor = {Fay, Justin C.},
  month = oct,
  year = {2008},
  pages = {e3376}
}

@article{abbottGenomicsHybridizationIts2016,
  title = {Genomics of Hybridization and Its Evolutionary Consequences},
  volume = {25},
  issn = {09621083},
  language = {english},
  number = {11},
  journal = {Molecular Ecology},
  doi = {10.1111/mec.13685},
  author = {Abbott, Richard J. and Barton, Nicholas H. and Good, Jeffrey M.},
  month = jun,
  year = {2016},
  pages = {2325-2332}
}

@book{blairEvolutionGenusBufo1972,
  title = {Evolution in the Genus {{Bufo}}},
  publisher = {{University of Texas Press}},
  author = {Blair, W. F.},
  year = {1972}
}

@article{coynePatternsSpeciationDrosophila1997,
  title = {``{{Patterns}} of Speciation in {{{\emph{Drosophila}}}} '' Revisited},
  volume = {51},
  issn = {00143820},
  language = {english},
  number = {1},
  journal = {Evolution},
  doi = {10.1111/j.1558-5646.1997.tb02412.x},
  author = {Coyne, Jerry A. and Orr, H. Allen},
  month = feb,
  year = {1997},
  pages = {295-303}
}

@misc{AmphibiaWeb2000,
  title = {{{AmphibiaWeb}}},
  howpublished = {https://amphibiaweb.org},
  year = {2000}
}

@book{holmanFossilFrogsToads2003,
  title = {Fossil Frogs and Toads of {{North America}}},
  publisher = {{Indiana university press}},
  author = {Holman, J Alan},
  year = {2003}
}

@book{holmanPleistoceneAmphibiansReptiles1995,
  title = {Pleistocene Amphibians and Reptiles in {{North America}}},
  publisher = {{Oxford University Press New York}},
  author = {Holman, J Alan},
  year = {1995}
}

@book{coyneSpeciation2004,
  address = {{Massachusetts}},
  title = {Speciation},
  publisher = {{Sunderland}},
  author = {Coyne, Jerry A. and Orr, H. Allen},
  year = {2004}
}

@article{hedrickAdaptiveIntrogressionAnimals2013,
  title = {Adaptive Introgression in Animals: Examples and Comparison to New Mutation and Standing Variation as Sources of Adaptive Variation},
  volume = {22},
  issn = {09621083},
  shorttitle = {Adaptive Introgression in Animals},
  language = {english},
  number = {18},
  journal = {Molecular Ecology},
  doi = {10.1111/mec.12415},
  author = {Hedrick, Philip W.},
  month = sep,
  year = {2013},
  pages = {4606-4618}
}

@article{servedioReinforcementGeneticsNonrandom2000,
  title = {Reinforcement and the Genetics of Nonrandom Mating},
  volume = {54},
  issn = {00143820},
  language = {english},
  number = {1},
  journal = {Evolution},
  doi = {10.1111/j.0014-3820.2000.tb00003.x},
  author = {Servedio, Maria R.},
  month = feb,
  year = {2000},
  pages = {21-29}
}

@article{pattenBiasedIntrogressionMitochondrial2015,
  title = {Biased Introgression of Mitochondrial and Nuclear Genes: A Comparison of Diploid and Haplodiploid Systems},
  volume = {24},
  issn = {09621083},
  shorttitle = {Biased Introgression of Mitochondrial and Nuclear Genes},
  language = {english},
  number = {20},
  journal = {Molecular Ecology},
  doi = {10.1111/mec.13318},
  author = {Patten, Manus M. and Carioscia, Sara A. and Linnen, Catherine R.},
  month = oct,
  year = {2015},
  pages = {5200-5210}
}

@article{gompertGenomicsIsolationHybrids2012,
  title = {Genomics of Isolation in Hybrids},
  volume = {367},
  issn = {0962-8436, 1471-2970},
  language = {english},
  number = {1587},
  journal = {Philosophical Transactions of the Royal Society B: Biological Sciences},
  doi = {10.1098/rstb.2011.0196},
  author = {Gompert, Zachariah and Parchman, Thomas L. and Buerkle, C. Alex},
  month = feb,
  year = {2012},
  pages = {439-450}
}

@article{janousekGenomewideArchitectureReproductive2012,
  title = {Genome-Wide Architecture of Reproductive Isolation in a Naturally Occurring Hybrid Zone between {{{\emph{Mus}}}}{\emph{ Musculus Musculus}} and {{{\emph{M}}}}{\emph{. m. Domesticus}}: {{REPRODUCTIVE ISOLATION IN HOUSE MOUSE}}},
  volume = {21},
  issn = {09621083},
  shorttitle = {Genome-Wide Architecture of Reproductive Isolation in a Naturally Occurring Hybrid Zone between {{{\emph{Mus}}}}{\emph{ Musculus Musculus}} and {{{\emph{M}}}}{\emph{. m. Domesticus}}},
  language = {english},
  number = {12},
  journal = {Molecular Ecology},
  doi = {10.1111/j.1365-294X.2012.05583.x},
  author = {Janou{\v s}ek, V{\'a}clav and Wang, Liuyang and Luzynski, Ken and Dufkov{\'a}, Petra and Vysko{\v c}ilov{\'a}, Martina M. and Nachman, Michael W. and Munclinger, Pavel and Machol{\'a}n, Milo{\v s} and Pi{\'a}lek, Jaroslav and Tucker, Priscilla K.},
  month = jun,
  year = {2012},
  pages = {3032-3047}
}

@article{gambleRestrictionSiteAssociatedDNA2015,
  title = {Restriction {{Site}}-{{Associated DNA Sequencing}} ({{RAD}}-Seq) {{Reveals}} an {{Extraordinary Number}} of {{Transitions}} among {{Gecko Sex}}-{{Determining Systems}}},
  volume = {32},
  issn = {1537-1719, 0737-4038},
  language = {english},
  number = {5},
  journal = {Molecular Biology and Evolution},
  doi = {10.1093/molbev/msv023},
  author = {Gamble, Tony and Coryell, Jessi and Ezaz, Tariq and Lynch, Joshua and Scantlebury, Daniel P. and Zarkower, David},
  month = may,
  year = {2015},
  pages = {1296-1309}
}

@article{gambleIdentificationSexspecificMolecular2014,
  title = {Identification of Sex-Specific Molecular Markers Using Restriction Site-Associated {{DNA}} Sequencing},
  issn = {1755098X},
  language = {english},
  journal = {Molecular Ecology Resources},
  doi = {10.1111/1755-0998.12237},
  author = {Gamble, Tony and Zarkower, David},
  month = mar,
  year = {2014},
  pages = {n/a-n/a}
}

@article{brelsfordHighdensitySexspecificLinkage2016,
  title = {High-Density Sex-Specific Linkage Maps of a {{European}} Tree Frog ({{Hyla}} Arborea) Identify the Sex Chromosome without Information on Offspring Sex},
  volume = {116},
  issn = {0018-067X, 1365-2540},
  language = {english},
  number = {2},
  journal = {Heredity},
  doi = {10.1038/hdy.2015.83},
  author = {Brelsford, A and Dufresnes, C and Perrin, N},
  month = feb,
  year = {2016},
  pages = {177-181}
}

@article{maddisonGeneTreesSpecies1997,
  title = {Gene Trees in Species Trees},
  language = {english},
  journal = {SYSTEMATIC BIOLOGY},
  author = {Maddison, Wayne P},
  year = {1997},
  pages = {14}
}

@article{fujitaCoalescentbasedSpeciesDelimitation2012,
  title = {Coalescent-Based Species Delimitation in an Integrative Taxonomy},
  volume = {27},
  issn = {01695347},
  language = {english},
  number = {9},
  journal = {Trends in Ecology \& Evolution},
  doi = {10.1016/j.tree.2012.04.012},
  author = {Fujita, Matthew K. and Leach{\'e}, Adam D. and Burbrink, Frank T. and McGuire, Jimmy A. and Moritz, Craig},
  month = sep,
  year = {2012},
  pages = {480-488}
}

@article{blanco-pastorRobustnessRADseqEvolutionary2018,
  title = {Robustness of {{RADseq}} for Evolutionary Network Reconstruction from Gene Trees},
  language = {english},
  journal = {bioRxiv},
  doi = {10.1101/414243},
  author = {{Blanco-Pastor}, Jos{\'e} Luis and Bertrand, Yann J.K. and Liberal, Isabel Mar{\'i}a and Wei, Yanling and Brummer, E.Charles and Pfeil, Bernard E.},
  month = sep,
  year = {2018}
}

@article{theunertDistinguishingRecentAdmixture2017,
  title = {Distinguishing {{Recent Admixture}} from {{Ancestral Population Structure}}},
  volume = {9},
  issn = {1759-6653},
  language = {english},
  number = {3},
  journal = {Genome Biology and Evolution},
  doi = {10.1093/gbe/evx018},
  author = {Theunert, Christoph and Slatkin, Montgomery},
  month = mar,
  year = {2017},
  pages = {427-437}
}

@incollection{InferringPhylogeneticHistory2015,
  address = {{Germany}},
  title = {Inferring Phylogenetic History from Restriction Site Associated {{DNA}} ({{RADseq}})},
  language = {english},
  publisher = {{Koeltz Scientific Books}},
  year = {2015}
}

@article{turelliDominanceTheoryHaldane1995,
  title = {The Dominance Theory of {{Haldane}}'s Rule},
  volume = {140},
  journal = {Genetics},
  author = {Turelli, Michael and Orr, H. Allen},
  year = {1995},
  pages = {389-402}
}

@article{chhatreAdaptiveIntrogressionMaintenance2018,
  title = {Adaptive Introgression and Maintenance of a Trispecies Hybrid Complex in Range-Edge Populations of {{{\emph{Populus}}}}},
  volume = {27},
  issn = {09621083},
  language = {english},
  number = {23},
  journal = {Molecular Ecology},
  doi = {10.1111/mec.14820},
  author = {Chhatre, Vikram E. and Evans, Luke M. and DiFazio, Stephen P. and Keller, Stephen R.},
  month = dec,
  year = {2018},
  pages = {4820-4838}
}

@article{keyConceptStasipatricSpeciation1968,
  title = {The Concept of Stasipatric Speciation},
  volume = {17},
  number = {1},
  journal = {Systematic Biology},
  author = {Key, K. H. L.},
  year = {1968}
}

@article{wringeParallelnewhybridPackageParallelization2017,
  title = {{\emph{Parallelnewhybrid}} : An {{R}} Package for the Parallelization of Hybrid Detection Using {\textsc{Newhybrids}}},
  volume = {17},
  issn = {1755098X},
  shorttitle = {{\emph{Parallelnewhybrid}}},
  language = {english},
  number = {1},
  journal = {Molecular Ecology Resources},
  doi = {10.1111/1755-0998.12597},
  author = {Wringe, Brendan F. and Stanley, Ryan R. E. and Jeffery, Nicholas W. and Anderson, Eric C. and Bradbury, Ian R.},
  month = jan,
  year = {2017},
  pages = {91-95}
}

@article{lexerExperimentalHybridizationTool2003,
  title = {Experimental Hybridization as a Tool for Studying Selection in the Wild},
  volume = {84},
  issn = {0012-9658},
  language = {english},
  number = {7},
  journal = {Ecology},
  doi = {10.1890/0012-9658(2003)084[1688:EHAATF]2.0.CO;2},
  author = {Lexer, Christian and Randell, Rebecca A. and Rieseberg, Loren H.},
  month = jul,
  year = {2003},
  pages = {1688-1699}
}

@article{moranRareExceptionHaldane2017,
  title = {A Rare Exception to {{Haldane}}'s Rule: {{Are X}} Chromosomes Key to Hybrid Incompatibilities?},
  volume = {118},
  issn = {0018-067X, 1365-2540},
  shorttitle = {A Rare Exception to {{Haldane}}'s Rule},
  language = {english},
  number = {6},
  journal = {Heredity},
  doi = {10.1038/hdy.2016.127},
  author = {Moran, P A and Ritchie, M G and Bailey, N W},
  month = jun,
  year = {2017},
  pages = {554-562}
}

@article{malletHowReticulatedAre2016,
  title = {How Reticulated Are Species?},
  volume = {38},
  issn = {02659247},
  language = {english},
  number = {2},
  journal = {BioEssays},
  doi = {10.1002/bies.201500149},
  author = {Mallet, James and Besansky, Nora and Hahn, Matthew W.},
  month = feb,
  year = {2016},
  pages = {140-149}
}

@article{pfeiferEstimatesIntrogressionFunction2019,
  title = {Estimates of Introgression as a Function of Pairwise Distances},
  volume = {20},
  issn = {1471-2105},
  language = {english},
  number = {1},
  journal = {BMC Bioinformatics},
  doi = {10.1186/s12859-019-2747-z},
  author = {Pfeifer, Bastian and Kapan, Durrell D.},
  month = dec,
  year = {2019}
}

@article{durandTestingAncientAdmixture2011,
  title = {Testing for {{Ancient Admixture}} between {{Closely Related Populations}}},
  volume = {28},
  issn = {1537-1719, 0737-4038},
  language = {english},
  number = {8},
  journal = {Molecular Biology and Evolution},
  doi = {10.1093/molbev/msr048},
  author = {Durand, Eric Y. and Patterson, Nick and Reich, David and Slatkin, Montgomery},
  month = aug,
  year = {2011},
  pages = {2239-2252}
}

@article{cholevaDistinguishingIncompleteLineage2014,
  title = {Distinguishing between {{Incomplete Lineage Sorting}} and {{Genomic Introgressions}}: {{Complete Fixation}} of {{Allospecific Mitochondrial DNA}} in a {{Sexually Reproducing Fish}} ({{Cobitis}}; {{Teleostei}}), despite {{Clonal Reproduction}} of {{Hybrids}}},
  volume = {9},
  issn = {1932-6203},
  shorttitle = {Distinguishing between {{Incomplete Lineage Sorting}} and {{Genomic Introgressions}}},
  language = {english},
  number = {6},
  journal = {PLoS ONE},
  doi = {10.1371/journal.pone.0080641},
  author = {Choleva, Lukas and Musilova, Zuzana and {Kohoutova-Sediva}, Alena and Paces, Jan and Rab, Petr and Janko, Karel},
  editor = {Johnson, Norman},
  month = jun,
  year = {2014},
  pages = {e80641}
}

@article{degnanModelingHybridizationNetwork2018,
  title = {Modeling {{Hybridization Under}} the {{Network Multispecies Coalescent}}},
  volume = {67},
  issn = {1063-5157, 1076-836X},
  language = {english},
  number = {5},
  journal = {Systematic Biology},
  doi = {10.1093/sysbio/syy040},
  author = {Degnan, James H},
  editor = {Ane, Ceclie},
  month = sep,
  year = {2018},
  pages = {786-799}
}

@article{lambertInferringIntrogressionUsing2019,
  title = {Inferring Introgression Using {{RADseq}} and {{{\emph{D}}}} {{{\textsubscript{FOIL}}}} : {{Power}} and Pitfalls Revealed in a Case Study of Spiny Lizards ( {{{\emph{Sceloporus}}}} )},
  volume = {19},
  issn = {1755-098X, 1755-0998},
  shorttitle = {Inferring Introgression Using {{RADseq}} and {{{\emph{D}}}} {{{\textsubscript{FOIL}}}}},
  language = {english},
  number = {4},
  journal = {Molecular Ecology Resources},
  doi = {10.1111/1755-0998.12972},
  author = {Lambert, Shea M. and Streicher, Jeffrey W. and Fisher-Reid, M. Caitlin and {M{\'e}ndez de la Cruz}, Fausto R. and Mart{\'i}nez-M{\'e}ndez, Norberto and {Garc{\'i}a-V{\'a}zquez}, Uri Omar and {Nieto Montes de Oca}, Adri{\'a}n and Wiens, John J.},
  month = jul,
  year = {2019},
  pages = {818-837}
}

@article{zhuBayesianInferencePhylogenetic2018,
  title = {Bayesian Inference of Phylogenetic Networks from Bi-Allelic Genetic Markers},
  volume = {14},
  issn = {1553-7358},
  language = {english},
  number = {1},
  journal = {PLOS Computational Biology},
  doi = {10.1371/journal.pcbi.1005932},
  author = {Zhu, Jiafan and Wen, Dingqiao and Yu, Yun and Meudt, Heidi M. and Nakhleh, Luay},
  editor = {Matsen, Frederick A},
  month = jan,
  year = {2018},
  pages = {e1005932}
}

@article{linckMinorAlleleFrequency2019,
  title = {Minor Allele Frequency Thresholds Strongly Affect Population Structure Inference with Genomic Data Sets},
  volume = {19},
  issn = {1755-098X, 1755-0998},
  language = {english},
  number = {3},
  journal = {Molecular Ecology Resources},
  doi = {10.1111/1755-0998.12995},
  author = {Linck, Ethan and Battey, C. J.},
  month = may,
  year = {2019},
  pages = {639-647}
}

@article{harveySimilarityThresholdsUsed2015,
  title = {Similarity Thresholds Used in {{DNA}} Sequence Assembly from Short Reads Can Reduce the Comparability of Population Histories across Species},
  volume = {3},
  issn = {2167-8359},
  language = {english},
  journal = {PeerJ},
  doi = {10.7717/peerj.895},
  author = {Harvey, Michael G. and Judy, Caroline Duffie and Seeholzer, Glenn F. and Maley, James M. and Graves, Gary R. and Brumfield, Robb T.},
  month = apr,
  year = {2015},
  pages = {e895}
}

@article{freedmanErrorNoiseBias2019,
  title = {Error, Noise and Bias in Transcriptome Assemblies},
  language = {english},
  journal = {bioRxiv},
  doi = {10.1101/585745},
  author = {Freedman, Adam H. and Clamp, Michele and Sackton, Timothy B.},
  month = aug,
  year = {2019}
}

@article{rivera-colonSimulationRADinitioImproves2019,
  title = {Simulation with {{RADinitio Improves RADseq Experimental Design}} and {{Sheds Light}} on {{Sources}} of {{Missing Data}}},
  language = {english},
  journal = {bioRxiv},
  doi = {10.1101/775239},
  author = {{Rivera-Col{\'o}n}, Angel G. and Rochette, Nicolas C. and Catchen, Julian M.},
  month = sep,
  year = {2019}
}

@article{wangRNASeqRevolutionaryTool2009,
  title = {{{RNA}}-{{Seq}}: A Revolutionary Tool for Transcriptomics},
  volume = {10},
  issn = {1471-0056, 1471-0064},
  shorttitle = {{{RNA}}-{{Seq}}},
  language = {english},
  number = {1},
  journal = {Nature Reviews Genetics},
  doi = {10.1038/nrg2484},
  author = {Wang, Zhong and Gerstein, Mark and Snyder, Michael},
  month = jan,
  year = {2009},
  pages = {57-63}
}

@article{shaferBioinformaticProcessingRADseq2017,
  title = {Bioinformatic Processing of {{RAD}}-Seq Data Dramatically Impacts Downstream Population Genetic Inference},
  volume = {8},
  issn = {2041210X},
  language = {english},
  number = {8},
  journal = {Methods in Ecology and Evolution},
  doi = {10.1111/2041-210X.12700},
  author = {Shafer, Aaron B. A. and Peart, Claire R. and Tusso, Sergio and Maayan, Inbar and Brelsford, Alan and Wheat, Christopher W. and Wolf, Jochen B. W.},
  editor = {Gilbert, M.},
  month = aug,
  year = {2017},
  pages = {907-917}
}

@article{nielsenSNPCallingGenotype2012,
  title = {{{SNP Calling}}, {{Genotype Calling}}, and {{Sample Allele Frequency Estimation}} from {{New}}-{{Generation Sequencing Data}}},
  volume = {7},
  issn = {1932-6203},
  language = {english},
  number = {7},
  journal = {PLoS ONE},
  doi = {10.1371/journal.pone.0037558},
  author = {Nielsen, Rasmus and Korneliussen, Thorfinn and Albrechtsen, Anders and Li, Yingrui and Wang, Jun},
  editor = {Awadalla, Philip},
  month = jul,
  year = {2012},
  pages = {e37558}
}

@article{pfeifferSystematicEvaluationError2018,
  title = {Systematic Evaluation of Error Rates and Causes in Short Samples in Next-Generation Sequencing},
  volume = {8},
  issn = {2045-2322},
  language = {english},
  number = {1},
  journal = {Scientific Reports},
  doi = {10.1038/s41598-018-29325-6},
  author = {Pfeiffer, Franziska and Gr{\"o}ber, Carsten and Blank, Michael and H{\"a}ndler, Kristian and Beyer, Marc and Schultze, Joachim L. and Mayer, G{\"u}nter},
  month = dec,
  year = {2018}
}

@article{airdAnalyzingMinimizingPCR2011,
  title = {Analyzing and Minimizing {{PCR}} Amplification Bias in {{Illumina}} Sequencing Libraries},
  volume = {12},
  issn = {1465-6906},
  language = {english},
  number = {2},
  journal = {Genome Biology},
  doi = {10.1186/gb-2011-12-2-r18},
  author = {Aird, Daniel and Ross, Michael G and Chen, Wei-Sheng and Danielsson, Maxwell and Fennell, Timothy and Russ, Carsten and Jaffe, David B and Nusbaum, Chad and Gnirke, Andreas},
  year = {2011},
  pages = {R18}
}

@article{delacruzPopulationStructureDifferent2014,
  title = {Population Structure at Different Minor Allele Frequency Levels},
  volume = {8},
  issn = {1753-6561},
  language = {english},
  number = {S1},
  journal = {BMC Proceedings},
  doi = {10.1186/1753-6561-8-S1-S55},
  author = {{De la Cruz}, Omar and Raska, Paola},
  month = jun,
  year = {2014}
}

@article{degnerEffectReadmappingBiases2009,
  title = {Effect of Read-Mapping Biases on Detecting Allele-Specific Expression from {{RNA}}-Sequencing Data},
  volume = {25},
  issn = {1460-2059, 1367-4803},
  language = {english},
  number = {24},
  journal = {Bioinformatics},
  doi = {10.1093/bioinformatics/btp579},
  author = {Degner, Jacob F. and Marioni, John C. and Pai, Athma A. and Pickrell, Joseph K. and Nkadori, Everlyne and Gilad, Yoav and Pritchard, Jonathan K.},
  month = dec,
  year = {2009},
  pages = {3207-3212}
}

@article{tabanginEffectMinorAllele2009,
  title = {The Effect of Minor Allele Frequency on the Likelihood of Obtaining False Positives},
  volume = {3},
  issn = {1753-6561},
  language = {english},
  number = {S7},
  journal = {BMC Proceedings},
  doi = {10.1186/1753-6561-3-S7-S41},
  author = {Tabangin, Meredith E and Woo, Jessica G and Martin, Lisa J},
  month = dec,
  year = {2009}
}

@article{foxAccuracyNextGeneration2014,
  title = {Accuracy of {{Next Generation Sequencing Platforms}}},
  volume = {01},
  issn = {24699853},
  language = {english},
  number = {01},
  journal = {Journal of Next Generation Sequencing \& Applications},
  doi = {10.4172/2469-9853.1000106},
  author = {Fox, Edward J and {Reid-Bayliss}, Kate S},
  year = {2014}
}

@article{kanagawaBiasArtifactsMultitemplate2003,
  title = {Bias and Artifacts in Multitemplate Polymerase Chain Reactions ({{PCR}})},
  volume = {26},
  number = {4},
  journal = {Journal of Bioscience and Bioengineering},
  author = {Kanagawa, Takahiro},
  year = {2003},
  pages = {317-323}
}

@article{potapovExaminingSourcesError2017,
  title = {Examining {{Sources}} of {{Error}} in {{PCR}} by {{Single}}-{{Molecule Sequencing}}},
  volume = {12},
  issn = {1932-6203},
  language = {english},
  number = {1},
  journal = {PLOS ONE},
  doi = {10.1371/journal.pone.0169774},
  author = {Potapov, Vladimir and Ong, Jennifer L.},
  editor = {Kalendar, Ruslan},
  month = jan,
  year = {2017},
  pages = {e0169774}
}

@article{leeMappingDNAPolymerase2016,
  title = {Mapping {{DNA}} Polymerase Errors by Single-Molecule Sequencing},
  volume = {44},
  issn = {0305-1048, 1362-4962},
  language = {english},
  number = {13},
  journal = {Nucleic Acids Research},
  doi = {10.1093/nar/gkw436},
  author = {Lee, David F. and Lu, Jenny and Chang, Seungwoo and Loparo, Joseph J. and Xie, Xiaoliang S.},
  month = jul,
  year = {2016},
  pages = {e118-e118}
}

@article{hestandPolymeraseSpecificError2016,
  title = {Polymerase Specific Error Rates and Profiles Identified by Single Molecule Sequencing},
  volume = {784-785},
  issn = {00275107},
  language = {english},
  journal = {Mutation Research/Fundamental and Molecular Mechanisms of Mutagenesis},
  doi = {10.1016/j.mrfmmm.2016.01.003},
  author = {Hestand, Matthew S. and Houdt, Jeroen Van and Cristofoli, Francesca and Vermeesch, Joris R.},
  month = feb,
  year = {2016},
  pages = {39-45}
}

@article{harismendyEvaluationNextGeneration2009,
  title = {Evaluation of next Generation Sequencing Platforms for Population Targeted Sequencing Studies},
  volume = {10},
  issn = {1465-6906},
  language = {english},
  number = {3},
  journal = {Genome Biology},
  doi = {10.1186/gb-2009-10-3-r32},
  author = {Harismendy, Olivier and Ng, Pauline C and Strausberg, Robert L and Wang, Xiaoyun and Stockwell, Timothy B and Beeson, Karen Y and Schork, Nicholas J and Murray, Sarah S and Topol, Eric J and Levy, Samuel and Frazer, Kelly A},
  year = {2009},
  pages = {R32}
}

@article{kimEstimationAlleleFrequency2011,
  title = {Estimation of Allele Frequency and Association Mapping Using Next-Generation Sequencing Data},
  volume = {12},
  issn = {1471-2105},
  language = {english},
  number = {1},
  journal = {BMC Bioinformatics},
  doi = {10.1186/1471-2105-12-231},
  author = {Kim, Su Yeon and Lohmueller, Kirk E and Albrechtsen, Anders and Li, Yingrui and Korneliussen, Thorfinn and Tian, Geng and Grarup, Niels and Jiang, Tao and Andersen, Gitte and Witte, Daniel and Jorgensen, Torben and Hansen, Torben and Pedersen, Oluf and Wang, Jun and Nielsen, Rasmus},
  month = dec,
  year = {2011}
}

@article{gauthierDiscoSnpRADDetectionSmall2019,
  title = {{{DiscoSnp}}-{{RAD}}: Detection of Small Variants for Population Genomics},
  shorttitle = {{{DiscoSnp}}-{{RAD}}},
  language = {english},
  journal = {bioRxiv},
  doi = {10.1101/216747},
  author = {Gauthier, J{\`e}r{\`e}my and Mouden, Charlotte and Suchan, Tomasz and Alvarez, Nadir and Arrigo, Nils and Riou, Chlo{\'e} and Lemaitre, Claire and Peterlongo, Pierre},
  month = oct,
  year = {2019}
}

@article{parisLostParameterSpace2017,
  title = {Lost in Parameter Space: A Road Map for {\textsc{Stacks}}},
  volume = {8},
  issn = {2041210X},
  shorttitle = {Lost in Parameter Space},
  language = {english},
  number = {10},
  journal = {Methods in Ecology and Evolution},
  doi = {10.1111/2041-210X.12775},
  author = {Paris, Josephine R. and Stevens, Jamie R. and Catchen, Julian M.},
  editor = {Johnston, Susan},
  month = oct,
  year = {2017},
  pages = {1360-1373}
}

@article{huangUnforeseenConsequencesExcluding2016,
  title = {Unforeseen {{Consequences}} of {{Excluding Missing Data}} from {{Next}}-{{Generation Sequences}}: {{Simulation Study}} of {{RAD Sequences}}},
  volume = {65},
  issn = {1063-5157, 1076-836X},
  shorttitle = {Unforeseen {{Consequences}} of {{Excluding Missing Data}} from {{Next}}-{{Generation Sequences}}},
  language = {english},
  number = {3},
  journal = {Systematic Biology},
  doi = {10.1093/sysbio/syu046},
  author = {Huang, Huateng and Knowles, L. Lacey},
  month = may,
  year = {2016},
  pages = {357-365}
}

@article{buerklePopulationGenomicsBased2013,
  title = {Population Genomics Based on Low Coverage Sequencing: How Low Should We Go?},
  volume = {22},
  issn = {09621083},
  shorttitle = {Population Genomics Based on Low Coverage Sequencing},
  language = {english},
  number = {11},
  journal = {Molecular Ecology},
  doi = {10.1111/mec.12105},
  author = {Buerkle, C. Alex and Gompert, Zachariah},
  month = jun,
  year = {2013},
  pages = {3028-3035}
}

@article{hohenlohePopulationGenomicsParallel2010,
  title = {Population {{Genomics}} of {{Parallel Adaptation}} in {{Threespine Stickleback}} Using {{Sequenced RAD Tags}}},
  volume = {6},
  issn = {1553-7404},
  language = {english},
  number = {2},
  journal = {PLoS Genetics},
  doi = {10.1371/journal.pgen.1000862},
  author = {Hohenlohe, Paul A. and Bassham, Susan and Etter, Paul D. and Stiffler, Nicholas and Johnson, Eric A. and Cresko, William A.},
  editor = {Begun, David J.},
  month = feb,
  year = {2010},
  pages = {e1000862}
}

@article{lynchEstimationAlleleFrequencies2009,
  title = {Estimation of {{Allele Frequencies From High}}-{{Coverage Genome}}-{{Sequencing Projects}}},
  volume = {182},
  issn = {0016-6731, 1943-2631},
  language = {english},
  number = {1},
  journal = {Genetics},
  doi = {10.1534/genetics.109.100479},
  author = {Lynch, Michael},
  month = may,
  year = {2009},
  pages = {295-301}
}

@article{plattEstimatorFirstCoalescent2019,
  title = {An Estimator of First Coalescent Time Reveals Selection on Young Variants and Large Heterogeneity in Rare Allele Ages among Human Populations},
  volume = {15},
  issn = {1553-7404},
  language = {english},
  number = {8},
  journal = {PLOS Genetics},
  doi = {10.1371/journal.pgen.1008340},
  author = {Platt, Alexander and Pivirotto, Alyssa and Knoblauch, Jared and Hey, Jody},
  editor = {Lohmueller, Kirk E},
  month = aug,
  year = {2019},
  pages = {e1008340}
}

@article{johnsonAccountingBiasSequencing2007,
  title = {Accounting for {{Bias}} from {{Sequencing Error}} in {{Population Genetic Estimates}}},
  volume = {25},
  issn = {0737-4038, 1537-1719},
  language = {english},
  number = {1},
  journal = {Molecular Biology and Evolution},
  doi = {10.1093/molbev/msm239},
  author = {Johnson, P. L. F. and Slatkin, M.},
  month = nov,
  year = {2007},
  pages = {199-206}
}

@article{guntherPresenceImpactReference2019,
  title = {The Presence and Impact of Reference Bias on Population Genomic Studies of Prehistoric Human Populations},
  volume = {15},
  issn = {1553-7404},
  language = {english},
  number = {7},
  journal = {PLOS Genetics},
  doi = {10.1371/journal.pgen.1008302},
  author = {G{\"u}nther, Torsten and Nettelblad, Carl},
  editor = {Di Rienzo, Anna},
  month = jul,
  year = {2019},
  pages = {e1008302}
}

@article{fumagalliAssessingEffectSequencing2013,
  title = {Assessing the {{Effect}} of {{Sequencing Depth}} and {{Sample Size}} in {{Population Genetics Inferences}}},
  volume = {8},
  issn = {1932-6203},
  language = {english},
  number = {11},
  journal = {PLoS ONE},
  doi = {10.1371/journal.pone.0079667},
  author = {Fumagalli, Matteo},
  editor = {Orlando, Ludovic},
  month = nov,
  year = {2013},
  pages = {e79667}
}

@article{rochRobustnessGeneTree2015,
  title = {On the {{Robustness}} to {{Gene Tree Estimation Error}} (or Lack Thereof) of {{Coalescent}}-{{Based Species Tree Methods}}},
  volume = {64},
  issn = {1076-836X, 1063-5157},
  language = {english},
  number = {4},
  journal = {Systematic Biology},
  doi = {10.1093/sysbio/syv016},
  author = {Roch, Sebastien and Warnow, Tandy},
  month = jul,
  year = {2015},
  pages = {663-676}
}

@article{wangAdaptiveDecorrelationMethod2017,
  title = {An Adaptive Decorrelation Method Removes {{Illumina DNA}} Base-Calling Errors Caused by Crosstalk between Adjacent Clusters},
  volume = {7},
  issn = {2045-2322},
  language = {english},
  number = {1},
  journal = {Scientific Reports},
  doi = {10.1038/srep41348},
  author = {Wang, Bo and Wan, Lin and Wang, Anqi and Li, Lei M.},
  month = feb,
  year = {2017}
}

@article{schirmerInsightBiasesSequencing2015,
  title = {Insight into Biases and Sequencing Errors for Amplicon Sequencing with the {{Illumina MiSeq}} Platform},
  volume = {43},
  issn = {1362-4962, 0305-1048},
  language = {english},
  number = {6},
  journal = {Nucleic Acids Research},
  doi = {10.1093/nar/gku1341},
  author = {Schirmer, Melanie and Ijaz, Umer Z. and D'Amore, Rosalinda and Hall, Neil and Sloan, William T. and Quince, Christopher},
  month = mar,
  year = {2015},
  pages = {e37-e37}
}

@article{marukiGenotypeCallingPopulationGenomic2017,
  title = {Genotype {{Calling}} from {{Population}}-{{Genomic Sequencing Data}}},
  volume = {7},
  issn = {2160-1836},
  language = {english},
  number = {5},
  journal = {G3\&amp;\#58; Genes|Genomes|Genetics},
  doi = {10.1534/g3.117.039008},
  author = {Maruki, Takahiro and Lynch, Michael},
  month = may,
  year = {2017},
  pages = {1393-1404}
}

@article{mcdermottRoleMeioticDrive2010,
  title = {The Role of Meiotic Drive in Hybrid Male Sterility},
  volume = {365},
  issn = {0962-8436, 1471-2970},
  language = {english},
  number = {1544},
  journal = {Philosophical Transactions of the Royal Society B: Biological Sciences},
  doi = {10.1098/rstb.2009.0264},
  author = {McDermott, Shannon R. and Noor, Mohamed A. F.},
  month = apr,
  year = {2010},
  pages = {1265-1272}
}

@article{lohmanClinesArcMultivariate2017,
  title = {Clines {{Arc}} through {{Multivariate Morphospace}}},
  volume = {189},
  issn = {0003-0147, 1537-5323},
  language = {english},
  number = {4},
  journal = {The American Naturalist},
  doi = {10.1086/690808},
  author = {Lohman, Brian K. and Berner, Daniel and Bolnick, Daniel I.},
  month = apr,
  year = {2017},
  pages = {354-367}
}

@article{lindtkeGeneticArchitectureHybrid2015a,
  title = {The Genetic Architecture of Hybrid Incompatibilities and Their Effect on Barriers to Introgression in Secondary Contact: {{THE GENETIC ARCHITECTURE OF HYBRID INCOMPATIBILITIES}}},
  volume = {69},
  issn = {00143820},
  shorttitle = {The Genetic Architecture of Hybrid Incompatibilities and Their Effect on Barriers to Introgression in Secondary Contact},
  language = {english},
  number = {8},
  journal = {Evolution},
  doi = {10.1111/evo.12725},
  author = {Lindtke, Dorothea and Buerkle, C. Alex},
  month = aug,
  year = {2015},
  pages = {1987-2004}
}

@article{malletEstimatesSelectionGene,
  title = {Estimates of {{Selection}} and {{Gene FlowFrom Measures}} of {{Cline Width}} and {{Linkage Disequilibrium}} in {{Heliconius Hybrid Zones}}},
  language = {english},
  author = {Mallet, James and Eeley', Harriet},
  pages = {16}
}

@article{gavriletsHYBRIDZONESDOBZHANSKYTYPE1997,
  title = {{{HYBRID ZONES WITH DOBZHANSKY}}-{{TYPE EPISTATIC SELECTION}}},
  volume = {51},
  issn = {00143820},
  language = {english},
  number = {4},
  journal = {Evolution},
  doi = {10.1111/j.1558-5646.1997.tb03949.x},
  author = {Gavrilets, Sergey},
  month = aug,
  year = {1997},
  pages = {1027-1035}
}

@article{rochetteStacksAnalyticalMethods2019,
  title = {Stacks 2: {{Analytical}} Methods for Paired-End Sequencing Improve {{RADseq}}-Based Population Genomics},
  volume = {28},
  issn = {1365-294X},
  shorttitle = {Stacks 2},
  language = {english},
  number = {21},
  journal = {Molecular Ecology},
  doi = {10.1111/mec.15253},
  author = {Rochette, Nicolas C. and Rivera-Col{\'o}n, Angel G. and Catchen, Julian M.},
  year = {2019},
  keywords = {bioinformatics,conservation genetics,genotype calling,haplotype phasing,population genetics,restriction-site associated DNA sequencing},
  pages = {4737-4754}
}

@article{cookeGBStoolsStatisticalMethod2016,
  title = {{{GBStools}}: {{A Statistical Method}} for {{Estimating Allelic Dropout}} in {{Reduced Representation Sequencing Data}}},
  volume = {12},
  issn = {1553-7404},
  shorttitle = {{{GBStools}}},
  language = {english},
  number = {2},
  journal = {PLOS Genetics},
  doi = {10.1371/journal.pgen.1005631},
  author = {Cooke, Thomas F. and Yee, Muh-Ching and Muzzio, Marina and Sockell, Alexandra and Bell, Ryan and Cornejo, Omar E. and Kelley, Joanna L. and Bailliet, Graciela and Bravi, Claudio M. and Bustamante, Carlos D. and Kenny, Eimear E.},
  editor = {Cresko, William A.},
  month = feb,
  year = {2016},
  pages = {e1005631}
}

@article{biltonLinkageDisequilibriumEstimation,
  title = {Linkage {{Disequilibrium Estimation}} in {{Low Coverage High}}-{{Throughput Sequencing Data}}},
  language = {english},
  author = {Bilton, Timothy P and McEwan, John C and Clarke, Shannon M and Brauning, Rudiger and {van Stijn}, Tracey C and Rowe, Suzanne J and Dodds, Ken G},
  pages = {12}
}

@article{eatonPyRADAssemblyNovo2014,
  title = {{{PyRAD}}: Assembly of de Novo {{RADseq}} Loci for Phylogenetic Analyses},
  volume = {30},
  issn = {1460-2059, 1367-4803},
  shorttitle = {{{PyRAD}}},
  language = {english},
  number = {13},
  journal = {Bioinformatics},
  doi = {10.1093/bioinformatics/btu121},
  author = {Eaton, Deren A. R.},
  month = jul,
  year = {2014},
  pages = {1844-1849}
}

@article{smithBiasedEstimatesClonal2014,
  title = {Biased Estimates of Clonal Evolution and Subclonal Heterogeneity Can Arise from {{PCR}} Duplicates in Deep Sequencing Experiments},
  language = {english},
  author = {Smith, Erin N and Jepsen, Kristen and Khosroheidari, Mahdieh and Rassenti, Laura Z and Ghia, Emanuela M and Carson, Dennis A and Jamieson, Catriona HM and Kipps, Thomas J and Frazer, Kelly A},
  year = {2014},
  pages = {10}
}

@article{fitzpatrickHybridDysfunctionPopulation2008,
  title = {Hybrid {{Dysfunction}}: {{Population Genetic}} and {{Quantitative Genetic Perspectives}}},
  volume = {171},
  issn = {0003-0147, 1537-5323},
  shorttitle = {Hybrid {{Dysfunction}}},
  language = {english},
  number = {4},
  journal = {The American Naturalist},
  doi = {10.1086/528991},
  author = {Fitzpatrick, Benjamin M.},
  month = apr,
  year = {2008},
  pages = {491-498}
}

@article{fisherWaveAdvanceAdvantageous1937,
  title = {The {{Wave}} of {{Advance}} of {{Advantageous Genes}}},
  volume = {7},
  issn = {2050-1439},
  language = {english},
  number = {4},
  journal = {Annals of Eugenics},
  doi = {10.1111/j.1469-1809.1937.tb02153.x},
  author = {Fisher, R. A.},
  year = {1937},
  pages = {355-369}
}

@article{bayona-vasquezAdapteramaIIIQuadrupleindexed2019a,
  title = {Adapterama {{III}}: {{Quadruple}}-Indexed, Double/Triple-Enzyme {{RADseq}} Libraries ({{2RAD}}/{{3RAD}})},
  volume = {7},
  issn = {2167-8359},
  shorttitle = {Adapterama {{III}}},
  language = {english},
  journal = {PeerJ},
  doi = {10.7717/peerj.7724},
  author = {{Bayona-V{\'a}squez}, Natalia J. and Glenn, Travis C. and Kieran, Troy J. and Pierson, Todd W. and Hoffberg, Sandra L. and Scott, Peter A. and Bentley, Kerin E. and Finger, John W. and Louha, Swarnali and Troendle, Nicholas and {Diaz-Jaimes}, Pindaro and Mauricio, Rodney and Faircloth, Brant C.},
  month = oct,
  year = {2019},
  pages = {e7724}
}

@article{riemsdijkSpatialVariationIntrogression2019,
  title = {Spatial Variation in Introgression along a Toad Hybrid Zone in {{France}}},
  copyright = {\textcopyright{} 2019, Posted by Cold Spring Harbor Laboratory. This pre-print is available under a Creative Commons License (Attribution-NonCommercial-NoDerivs 4.0 International), CC BY-NC-ND 4.0, as described at http://creativecommons.org/licenses/by-nc-nd/4.0/},
  language = {english},
  journal = {bioRxiv},
  doi = {10.1101/746073},
  author = {van Riemsdijk, I. and Arntzen, J. W. and Bucciarelli, G. and {McCartney-Melstad}, E. and Rafajlovi{\'c}, M. and Scott, P. A. and Toffelmier, E. and Shaffer, H. B. and Wielstra, B.},
  month = aug,
  year = {2019},
  pages = {746073}
}

@incollection{dequeirozGeneralLineageConcept1998,
  title = {The {{General Lineage Concept}} of {{Species}}, {{Species Chteria}}, and the {{Process}} of {{Speciation}}},
  language = {english},
  booktitle = {Endless Forms: Species and Speciation},
  author = {De Queiroz, Kevin},
  year = {1998}
}

@article{tobiasQuantitativeCriteriaSpecies2010,
  title = {Quantitative Criteria for Species Delimitation},
  volume = {152},
  issn = {1474-919X},
  language = {english},
  number = {4},
  journal = {Ibis},
  doi = {10.1111/j.1474-919X.2010.01051.x},
  author = {Tobias, Joseph A. and Seddon, Nathalie and Spottiswoode, Claire N. and Pilgrim, John D. and Fishpool, Lincoln D. C. and Collar, Nigel J.},
  year = {2010},
  keywords = {avian taxonomy,conservation units,operational guidelines,phenotypic divergence,species limits},
  pages = {724-746}
}

@article{grabensteinBreakingBarriersCauses2018,
  title = {Breaking {{Barriers}}: {{Causes}}, {{Consequences}}, and {{Experimental Utility}} of {{Human}}-{{Mediated Hybridization}}},
  volume = {33},
  issn = {01695347},
  shorttitle = {Breaking {{Barriers}}},
  language = {english},
  number = {3},
  journal = {Trends in Ecology \& Evolution},
  doi = {10.1016/j.tree.2017.12.008},
  author = {Grabenstein, Kathryn C. and Taylor, Scott A.},
  month = mar,
  year = {2018},
  pages = {198-212}
}

@misc{smadjaSpeciationNewRole2006,
  type = {News},
  title = {Speciation: {{A}} New Role for Reinforcement},
  copyright = {2006 The Genetics Society},
  shorttitle = {Speciation},
  language = {english},
  journal = {Heredity},
  howpublished = {https://www.nature.com/articles/6800826},
  doi = {10.1038/sj.hdy.6800826},
  author = {Smadja, C. and Butlin, R.},
  month = apr,
  year = {2006}
}

@article{todescoHybridizationExtinction2016,
  title = {Hybridization and Extinction},
  volume = {9},
  issn = {1752-4571},
  number = {7},
  journal = {Evolutionary Applications},
  doi = {10.1111/eva.12367},
  author = {Todesco, Marco and Pascual, Mariana A. and Owens, Gregory L. and Ostevik, Katherine L. and Moyers, Brook T. and H{\"u}bner, Sariel and Heredia, Sylvia M. and Hahn, Min A. and Caseys, Celine and Bock, Dan G. and Rieseberg, Loren H.},
  month = feb,
  year = {2016},
  pages = {892-908},
  pmid = {27468307},
  pmcid = {PMC4947151}
}

@article{deangelisSolidphaseReversibleImmobilization1995,
  title = {Solid-Phase Reversible Immobilization for the Isolation of {{PCR}} Products.},
  volume = {23},
  issn = {0305-1048},
  number = {22},
  journal = {Nucleic Acids Research},
  author = {DeAngelis, M M and Wang, D G and Hawkins, T L},
  month = nov,
  year = {1995},
  pages = {4742-4743},
  pmid = {8524672},
  pmcid = {PMC307455}
}

@article{Rivera-Colon2019,
abstract = {Restriction-site Associated DNA sequencing (RADseq) has become a powerful and versatile tool in modern population genomics, enabling large-scale genomic analyses in otherwise inaccessible biological systems. With its widespread use, different variants on the protocol have been developed to suit specific experimental needs. Researchers face the challenge of choosing the optimal molecular and sequencing protocols for their experimental design, an often-complicated process. Strategic errors can lead to improper data generation that has reduced power to answer biological questions. Here we present RADinitio , simulation software for the selection and optimization of RADseq experiments via the generation of sequencing data that behaves similarly to empirical sources. RADinitio provides an evolutionary simulation of populations, implementation of various RADseq protocols with customizable parameters, and thorough assessment of missing data. Using the software, we test its efficacy using different RAD protocols across several organisms, highlighting the importance of protocol selection on the magnitude and quality of data acquired. Additionally, we test the effects of RAD library preparation and sequencing on allelic dropout, observing that library preparation and sequencing often contributes more to missing alleles than population-level variation.},
author = {Rivera-Col{\'{o}}n, Angel G and Rochette, Nicolas C and Catchen, Julian M},
doi = {10.1111/1755-0998.13163},
file = {:Users/kerry/Dropbox/mendeley/Rivera-Col{\'{o}}n, Rochette, Catchen - 2020 - Simulation with RADinitio improves RADseq experimental design and sheds light on sources of mi.pdf:pdf},
journal = {Molecular Ecology Resources},
keywords = {Bioinformatics,Dseq-,Genetics-,Population,RA,Simulations-},
language = {en},
mendeley-groups = {Bias},
month = {sep},
pages = {775239},
title = {{Simulation with RADinitio improves RADseq experimental design and sheds light on sources of missing data}},
url = {http://biorxiv.org/lookup/doi/10.1101/775239 http://dx.doi.org/10.1101/775239%0Ahttps://www.biorxiv.org/content/10.1101/775239v1.full},
year = {2020}
}

@article{oaks2019comparative,
  title={The comparative biogeography of Philippine geckos challenges predictions from a paradigm of climate-driven vicariant diversification across an island archipelago},
  author={Oaks, Jamie R and Siler, Cameron D and Brown, Rafe M},
  journal={Evolution},
  volume={73},
  number={6},
  pages={1151--1167},
  year={2019},
  publisher={Wiley Online Library}
}
